timestamp;buyer;seller;symbol;currency;price;quantity
0;;;BERRIES;SEASHELLS;4003.0;6
100;;;PEARLS;SEASHELLS;10002.0;1
100;;;DIVING_GEAR;SEASHELLS;99999.0;1
300;;;PEARLS;SEASHELLS;9998.0;2
300;;;PEARLS;SEASHELLS;9998.0;1
400;;;BANANAS;SEASHELLS;4899.0;9
500;;;BANANAS;SEASHELLS;4899.0;1
500;;;PEARLS;SEASHELLS;10002.0;1
500;;;PEARLS;SEASHELLS;10004.0;1
700;;;BERRIES;SEASHELLS;3997.0;11
1200;;;COCONUTS;SEASHELLS;8114.0;10
1400;;;BANANAS;SEASHELLS;4891.0;1
1500;;;PEARLS;SEASHELLS;10002.0;1
1500;;;BANANAS;SEASHELLS;4896.0;1
1700;;;PEARLS;SEASHELLS;10005.0;6
2200;;;BANANAS;SEASHELLS;4896.0;16
2400;;;BANANAS;SEASHELLS;4894.0;3
2500;;;BANANAS;SEASHELLS;4891.0;5
2700;;;PEARLS;SEASHELLS;9998.0;5
2800;;;BANANAS;SEASHELLS;4895.0;1
2800;;;BERRIES;SEASHELLS;4004.0;14
2900;;;PEARLS;SEASHELLS;9998.0;1
3100;;;BANANAS;SEASHELLS;4891.0;1
3300;;;PEARLS;SEASHELLS;9996.0;2
3300;;;PEARLS;SEASHELLS;9996.0;2
3700;;;BANANAS;SEASHELLS;4897.0;1
4000;;;COCONUTS;SEASHELLS;8103.0;48
4200;;;BANANAS;SEASHELLS;4893.0;2
4200;;;BANANAS;SEASHELLS;4893.0;10
4300;;;BERRIES;SEASHELLS;3998.0;10
4300;;;PEARLS;SEASHELLS;9996.0;1
4300;;;PEARLS;SEASHELLS;9995.0;1
4300;;;BANANAS;SEASHELLS;4892.0;1
4300;;;PEARLS;SEASHELLS;9996.0;2
4400;;;BANANAS;SEASHELLS;4893.0;1
4400;;;PEARLS;SEASHELLS;9998.0;1
4700;;;BANANAS;SEASHELLS;4893.0;8
4700;;;BANANAS;SEASHELLS;4893.0;4
4800;;;BANANAS;SEASHELLS;4898.0;1
4800;;;PEARLS;SEASHELLS;10002.0;3
4900;;;PEARLS;SEASHELLS;9998.0;4
4900;;;PEARLS;SEASHELLS;9998.0;1
5100;;;BANANAS;SEASHELLS;4894.0;2
5100;;;BANANAS;SEASHELLS;4894.0;1
5400;;;BERRIES;SEASHELLS;4000.0;17
6200;;;BANANAS;SEASHELLS;4895.0;12
6200;;;BANANAS;SEASHELLS;4895.0;1
6300;;;BANANAS;SEASHELLS;4901.0;6
6300;;;COCONUTS;SEASHELLS;8099.0;52
6300;;;BANANAS;SEASHELLS;4894.0;1
6300;;;BERRIES;SEASHELLS;4003.0;1
6600;;;BANANAS;SEASHELLS;4901.0;18
6700;;;PEARLS;SEASHELLS;10002.0;4
6800;;;PEARLS;SEASHELLS;9998.0;1
6800;;;PEARLS;SEASHELLS;9996.0;1
6800;;;PEARLS;SEASHELLS;9996.0;1
6800;;;BANANAS;SEASHELLS;4894.0;1
6800;;;BANANAS;SEASHELLS;4894.0;1
6900;;;DIVING_GEAR;SEASHELLS;99913.0;2
7200;;;PEARLS;SEASHELLS;10004.0;1
7200;;;BANANAS;SEASHELLS;4899.0;1
7300;;;BERRIES;SEASHELLS;3999.0;5
7400;;;DIVING_GEAR;SEASHELLS;99893.0;2
7400;;;PEARLS;SEASHELLS;10002.0;1
7600;;;BANANAS;SEASHELLS;4895.0;2
7700;;;BANANAS;SEASHELLS;4900.0;1
7700;;;BANANAS;SEASHELLS;4901.0;1
7700;;;PEARLS;SEASHELLS;10005.0;1
7800;;;BANANAS;SEASHELLS;4900.0;1
7900;;;BANANAS;SEASHELLS;4900.0;1
7900;;;PEARLS;SEASHELLS;10002.0;1
8200;;;BANANAS;SEASHELLS;4901.0;2
8200;;;PEARLS;SEASHELLS;9998.0;1
8300;;;BERRIES;SEASHELLS;4004.0;15
8400;;;DIVING_GEAR;SEASHELLS;99906.0;2
8600;;;DIVING_GEAR;SEASHELLS;99898.0;2
8700;;;BANANAS;SEASHELLS;4898.0;1
8900;;;PEARLS;SEASHELLS;10002.0;5
9600;;;BANANAS;SEASHELLS;4896.0;1
10300;;;PEARLS;SEASHELLS;10004.0;2
10300;;;BANANAS;SEASHELLS;4896.0;2
10500;;;DIVING_GEAR;SEASHELLS;99894.0;1
10600;;;PEARLS;SEASHELLS;9998.0;1
10600;;;PEARLS;SEASHELLS;9998.0;1
10800;;;PEARLS;SEASHELLS;10002.0;1
10800;;;BANANAS;SEASHELLS;4895.0;1
11100;;;PEARLS;SEASHELLS;9996.0;2
11200;;;PINA_COLADAS;SEASHELLS;15174.0;8
11300;;;BANANAS;SEASHELLS;4898.0;1
11400;;;PEARLS;SEASHELLS;9998.0;1
11900;;;BERRIES;SEASHELLS;3993.0;10
12000;;;PINA_COLADAS;SEASHELLS;15171.0;27
12000;;;PINA_COLADAS;SEASHELLS;15171.0;11
12100;;;PEARLS;SEASHELLS;10002.0;1
12300;;;BERRIES;SEASHELLS;4001.0;5
12300;;;PEARLS;SEASHELLS;10002.0;1
12500;;;PEARLS;SEASHELLS;10002.0;5
12900;;;COCONUTS;SEASHELLS;8084.0;10
13700;;;PEARLS;SEASHELLS;9998.0;1
14000;;;BANANAS;SEASHELLS;4899.0;1
14000;;;PEARLS;SEASHELLS;9996.0;1
14300;;;BANANAS;SEASHELLS;4894.0;1
14500;;;BANANAS;SEASHELLS;4894.0;1
14800;;;BANANAS;SEASHELLS;4894.0;1
14800;;;DIVING_GEAR;SEASHELLS;99843.0;3
15000;;;DIVING_GEAR;SEASHELLS;99849.0;3
15100;;;BANANAS;SEASHELLS;4899.0;1
15100;;;PEARLS;SEASHELLS;10002.0;1
15400;;;BANANAS;SEASHELLS;4898.0;1
15400;;;PEARLS;SEASHELLS;10002.0;1
15500;;;PINA_COLADAS;SEASHELLS;15163.0;3
15800;;;PEARLS;SEASHELLS;9998.0;4
16000;;;BANANAS;SEASHELLS;4892.0;10
16300;;;DIVING_GEAR;SEASHELLS;99832.0;3
16700;;;BANANAS;SEASHELLS;4893.0;1
16800;;;PEARLS;SEASHELLS;10002.0;2
16800;;;BANANAS;SEASHELLS;4898.0;2
17100;;;BANANAS;SEASHELLS;4894.0;1
17300;;;BANANAS;SEASHELLS;4895.0;2
17300;;;PEARLS;SEASHELLS;9998.0;1
17800;;;DIVING_GEAR;SEASHELLS;99798.0;3
18200;;;DIVING_GEAR;SEASHELLS;99793.0;3
18600;;;PEARLS;SEASHELLS;10002.0;1
18900;;;PEARLS;SEASHELLS;10004.0;1
18900;;;BANANAS;SEASHELLS;4901.0;2
19000;;;BANANAS;SEASHELLS;4894.0;1
19600;;;PINA_COLADAS;SEASHELLS;15178.0;11
19600;;;PINA_COLADAS;SEASHELLS;15178.0;29
19600;;;DIVING_GEAR;SEASHELLS;99816.0;3
19700;;;BERRIES;SEASHELLS;3996.0;4
20100;;;PEARLS;SEASHELLS;9998.0;1
20300;;;DIVING_GEAR;SEASHELLS;99834.0;2
20300;;;BANANAS;SEASHELLS;4893.0;10
20600;;;BANANAS;SEASHELLS;4899.0;1
20600;;;PEARLS;SEASHELLS;10004.0;1
20800;;;BANANAS;SEASHELLS;4896.0;1
20900;;;PEARLS;SEASHELLS;10004.0;1
21100;;;COCONUTS;SEASHELLS;8092.0;29
21100;;;BANANAS;SEASHELLS;4891.0;1
21100;;;BANANAS;SEASHELLS;4891.0;1
21100;;;PEARLS;SEASHELLS;9998.0;1
21100;;;PEARLS;SEASHELLS;9998.0;1
21300;;;BANANAS;SEASHELLS;4891.0;1
21500;;;BANANAS;SEASHELLS;4896.0;4
21600;;;BANANAS;SEASHELLS;4892.0;1
21600;;;PEARLS;SEASHELLS;10002.0;1
21800;;;BANANAS;SEASHELLS;4893.0;1
21800;;;COCONUTS;SEASHELLS;8094.0;10
21900;;;BANANAS;SEASHELLS;4893.0;1
21900;;;BERRIES;SEASHELLS;3988.0;13
21900;;;PEARLS;SEASHELLS;9996.0;1
22000;;;BANANAS;SEASHELLS;4892.0;1
22000;;;PEARLS;SEASHELLS;10000.0;2
22100;;;BANANAS;SEASHELLS;4892.0;1
22100;;;PEARLS;SEASHELLS;9996.0;1
22400;;;PEARLS;SEASHELLS;10002.0;2
22400;;;PEARLS;SEASHELLS;10002.0;1
22500;;;PEARLS;SEASHELLS;10002.0;6
22700;;;DIVING_GEAR;SEASHELLS;99788.0;3
22900;;;BERRIES;SEASHELLS;3994.0;1
23000;;;DIVING_GEAR;SEASHELLS;99772.0;1
23100;;;DIVING_GEAR;SEASHELLS;99773.0;3
23200;;;PEARLS;SEASHELLS;9998.0;1
23200;;;BANANAS;SEASHELLS;4891.0;14
23600;;;BANANAS;SEASHELLS;4895.0;3
23800;;;DIVING_GEAR;SEASHELLS;99782.0;1
23900;;;BANANAS;SEASHELLS;4896.0;1
24000;;;DIVING_GEAR;SEASHELLS;99772.0;1
24200;;;PEARLS;SEASHELLS;9998.0;1
24300;;;PEARLS;SEASHELLS;10002.0;5
24300;;;PEARLS;SEASHELLS;10002.0;1
24500;;;BANANAS;SEASHELLS;4894.0;4
24500;;;PEARLS;SEASHELLS;9998.0;1
24500;;;BANANAS;SEASHELLS;4894.0;1
24500;;;PEARLS;SEASHELLS;9998.0;1
24700;;;PEARLS;SEASHELLS;10004.0;1
24700;;;BANANAS;SEASHELLS;4896.0;1
25100;;;BANANAS;SEASHELLS;4892.0;6
25100;;;BANANAS;SEASHELLS;4892.0;1
25100;;;BANANAS;SEASHELLS;4892.0;2
25100;;;PEARLS;SEASHELLS;10005.0;2
25200;;;BANANAS;SEASHELLS;4890.0;1
25300;;;BANANAS;SEASHELLS;4890.0;1
25300;;;PEARLS;SEASHELLS;9996.0;1
25400;;;BANANAS;SEASHELLS;4896.0;1
25400;;;PEARLS;SEASHELLS;10004.0;1
26000;;;PINA_COLADAS;SEASHELLS;15205.0;2
26400;;;BANANAS;SEASHELLS;4888.0;1
26500;;;BANANAS;SEASHELLS;4893.0;1
26500;;;PEARLS;SEASHELLS;10002.0;2
26500;;;BANANAS;SEASHELLS;4893.0;2
26600;;;PEARLS;SEASHELLS;10002.0;3
26900;;;PEARLS;SEASHELLS;9998.0;1
27200;;;BANANAS;SEASHELLS;4893.0;3
27400;;;PEARLS;SEASHELLS;10004.0;1
27500;;;BANANAS;SEASHELLS;4890.0;1
27600;;;PEARLS;SEASHELLS;9998.0;1
27700;;;BANANAS;SEASHELLS;4895.0;3
27700;;;PEARLS;SEASHELLS;9996.0;4
27700;;;PEARLS;SEASHELLS;9996.0;2
27900;;;PEARLS;SEASHELLS;9998.0;4
28000;;;BANANAS;SEASHELLS;4893.0;1
28000;;;PEARLS;SEASHELLS;10002.0;1
28100;;;PEARLS;SEASHELLS;9995.0;1
28100;;;BANANAS;SEASHELLS;4888.0;1
28300;;;DIVING_GEAR;SEASHELLS;99721.0;3
28400;;;COCONUTS;SEASHELLS;8101.0;50
28500;;;DIVING_GEAR;SEASHELLS;99728.0;2
28600;;;BANANAS;SEASHELLS;4888.0;1
28700;;;PEARLS;SEASHELLS;9996.0;1
28700;;;PEARLS;SEASHELLS;9996.0;7
29000;;;BANANAS;SEASHELLS;4894.0;1
29000;;;PEARLS;SEASHELLS;10005.0;1
29200;;;PEARLS;SEASHELLS;10002.0;1
29200;;;PEARLS;SEASHELLS;10002.0;1
29300;;;BANANAS;SEASHELLS;4888.0;1
29400;;;BANANAS;SEASHELLS;4892.0;4
29500;;;BERRIES;SEASHELLS;3983.0;10
29800;;;BERRIES;SEASHELLS;3990.0;8
29900;;;DIVING_GEAR;SEASHELLS;99750.0;2
29900;;;PEARLS;SEASHELLS;10002.0;4
30000;;;BANANAS;SEASHELLS;4893.0;1
30100;;;BERRIES;SEASHELLS;3991.0;4
30600;;;BANANAS;SEASHELLS;4893.0;2
30600;;;PINA_COLADAS;SEASHELLS;15228.0;22
30700;;;BANANAS;SEASHELLS;4891.0;3
30700;;;BANANAS;SEASHELLS;4891.0;1
31200;;;BANANAS;SEASHELLS;4887.0;1
31200;;;BERRIES;SEASHELLS;3990.0;1
31500;;;BERRIES;SEASHELLS;3984.0;11
31500;;;BANANAS;SEASHELLS;4888.0;1
31700;;;PEARLS;SEASHELLS;9998.0;3
31700;;;BANANAS;SEASHELLS;4892.0;1
31700;;;PEARLS;SEASHELLS;9998.0;1
31900;;;BERRIES;SEASHELLS;3990.0;11
32000;;;PEARLS;SEASHELLS;10002.0;1
32200;;;BANANAS;SEASHELLS;4892.0;1
32300;;;PEARLS;SEASHELLS;10002.0;1
32400;;;BANANAS;SEASHELLS;4886.0;1
32700;;;PEARLS;SEASHELLS;10002.0;1
32800;;;BERRIES;SEASHELLS;3983.0;1
32900;;;COCONUTS;SEASHELLS;8091.0;10
33600;;;BANANAS;SEASHELLS;4885.0;1
33700;;;PEARLS;SEASHELLS;9998.0;1
33700;;;BANANAS;SEASHELLS;4885.0;7
33800;;;PEARLS;SEASHELLS;10002.0;1
33900;;;PEARLS;SEASHELLS;10005.0;2
33900;;;BANANAS;SEASHELLS;4891.0;2
34100;;;BANANAS;SEASHELLS;4885.0;1
34200;;;BANANAS;SEASHELLS;4885.0;1
34200;;;PEARLS;SEASHELLS;9995.0;2
34200;;;BANANAS;SEASHELLS;4885.0;1
34200;;;PEARLS;SEASHELLS;9996.0;1
34200;;;PEARLS;SEASHELLS;9996.0;2
34300;;;BANANAS;SEASHELLS;4885.0;1
34400;;;BANANAS;SEASHELLS;4884.0;1
34600;;;BERRIES;SEASHELLS;3984.0;3
34700;;;PEARLS;SEASHELLS;9998.0;5
34800;;;PEARLS;SEASHELLS;10002.0;1
34900;;;BANANAS;SEASHELLS;4884.0;1
34900;;;BANANAS;SEASHELLS;4884.0;2
35500;;;BANANAS;SEASHELLS;4883.0;1
35500;;;DIVING_GEAR;SEASHELLS;99765.0;3
35600;;;BANANAS;SEASHELLS;4883.0;1
35700;;;PEARLS;SEASHELLS;10002.0;1
35700;;;PEARLS;SEASHELLS;10002.0;1
35700;;;COCONUTS;SEASHELLS;8091.0;65
35800;;;BERRIES;SEASHELLS;3984.0;10
35900;;;BANANAS;SEASHELLS;4884.0;1
36000;;;PEARLS;SEASHELLS;9998.0;1
36300;;;BANANAS;SEASHELLS;4884.0;1
36500;;;PEARLS;SEASHELLS;9996.0;1
36700;;;BANANAS;SEASHELLS;4889.0;1
36700;;;BANANAS;SEASHELLS;4885.0;1
36700;;;PEARLS;SEASHELLS;10002.0;1
36800;;;PEARLS;SEASHELLS;10002.0;1
37100;;;BANANAS;SEASHELLS;4889.0;1
37100;;;DIVING_GEAR;SEASHELLS;99761.0;3
37200;;;PEARLS;SEASHELLS;9998.0;1
37300;;;PEARLS;SEASHELLS;10002.0;7
37300;;;PEARLS;SEASHELLS;10002.0;5
37400;;;DIVING_GEAR;SEASHELLS;99744.0;1
37700;;;BANANAS;SEASHELLS;4888.0;1
37700;;;DIVING_GEAR;SEASHELLS;99763.0;3
37800;;;BANANAS;SEASHELLS;4883.0;4
37900;;;BANANAS;SEASHELLS;4884.0;1
37900;;;BERRIES;SEASHELLS;3985.0;10
38100;;;BANANAS;SEASHELLS;4883.0;1
38200;;;PEARLS;SEASHELLS;9998.0;2
38200;;;PEARLS;SEASHELLS;9998.0;5
38300;;;BANANAS;SEASHELLS;4883.0;6
38300;;;DIVING_GEAR;SEASHELLS;99746.0;1
38400;;;BANANAS;SEASHELLS;4883.0;1
38500;;;PEARLS;SEASHELLS;10002.0;1
38500;;;BANANAS;SEASHELLS;4888.0;1
38600;;;PEARLS;SEASHELLS;10002.0;5
38900;;;PEARLS;SEASHELLS;10002.0;4
39400;;;BANANAS;SEASHELLS;4891.0;1
39400;;;PEARLS;SEASHELLS;10004.0;1
39600;;;PEARLS;SEASHELLS;10005.0;2
39600;;;DIVING_GEAR;SEASHELLS;99740.0;3
39700;;;PEARLS;SEASHELLS;10005.0;8
39700;;;PEARLS;SEASHELLS;9995.0;2
39700;;;BANANAS;SEASHELLS;4890.0;1
39700;;;PEARLS;SEASHELLS;10005.0;1
40000;;;BANANAS;SEASHELLS;4888.0;5
40100;;;PEARLS;SEASHELLS;10002.0;1
40300;;;PEARLS;SEASHELLS;9996.0;1
40300;;;PEARLS;SEASHELLS;9996.0;5
40700;;;DIVING_GEAR;SEASHELLS;99727.0;1
40800;;;DIVING_GEAR;SEASHELLS;99730.0;2
41000;;;BANANAS;SEASHELLS;4886.0;4
41300;;;DIVING_GEAR;SEASHELLS;99744.0;1
41400;;;BANANAS;SEASHELLS;4885.0;1
41500;;;BERRIES;SEASHELLS;3986.0;3
41500;;;PEARLS;SEASHELLS;9998.0;1
42200;;;BANANAS;SEASHELLS;4887.0;2
42200;;;PEARLS;SEASHELLS;9995.0;2
42300;;;PEARLS;SEASHELLS;10005.0;1
42300;;;BANANAS;SEASHELLS;4892.0;1
42300;;;BANANAS;SEASHELLS;4894.0;1
42300;;;COCONUTS;SEASHELLS;8095.0;8
42500;;;BANANAS;SEASHELLS;4886.0;1
42500;;;BANANAS;SEASHELLS;4886.0;3
42700;;;BANANAS;SEASHELLS;4886.0;1
43100;;;BERRIES;SEASHELLS;3991.0;13
43200;;;PEARLS;SEASHELLS;10002.0;1
43400;;;BANANAS;SEASHELLS;4887.0;1
43700;;;BERRIES;SEASHELLS;3983.0;13
43800;;;PEARLS;SEASHELLS;9998.0;1
44000;;;PEARLS;SEASHELLS;10002.0;4
44100;;;BANANAS;SEASHELLS;4886.0;2
44100;;;PEARLS;SEASHELLS;9996.0;2
44100;;;BANANAS;SEASHELLS;4887.0;1
44200;;;PEARLS;SEASHELLS;9998.0;2
44500;;;PEARLS;SEASHELLS;9996.0;1
44500;;;BANANAS;SEASHELLS;4886.0;1
44700;;;PEARLS;SEASHELLS;9996.0;1
44700;;;BANANAS;SEASHELLS;4886.0;1
45100;;;PEARLS;SEASHELLS;9998.0;1
45300;;;PEARLS;SEASHELLS;9998.0;1
45300;;;BANANAS;SEASHELLS;4888.0;1
45600;;;BANANAS;SEASHELLS;4894.0;1
45700;;;BERRIES;SEASHELLS;3993.0;9
45800;;;DIVING_GEAR;SEASHELLS;99696.0;2
46000;;;PEARLS;SEASHELLS;9996.0;1
46000;;;PEARLS;SEASHELLS;9998.0;5
46000;;;PEARLS;SEASHELLS;9996.0;2
46100;;;BANANAS;SEASHELLS;4891.0;1
46100;;;PINA_COLADAS;SEASHELLS;15233.0;2
46200;;;BANANAS;SEASHELLS;4892.0;2
46500;;;BANANAS;SEASHELLS;4891.0;1
46800;;;PEARLS;SEASHELLS;9998.0;1
46900;;;BANANAS;SEASHELLS;4895.0;1
47000;;;PEARLS;SEASHELLS;9995.0;2
47000;;;BANANAS;SEASHELLS;4889.0;2
47100;;;BANANAS;SEASHELLS;4890.0;1
47200;;;BANANAS;SEASHELLS;4895.0;1
47600;;;BANANAS;SEASHELLS;4889.0;2
47600;;;PEARLS;SEASHELLS;9995.0;2
47700;;;PEARLS;SEASHELLS;9998.0;1
47900;;;BERRIES;SEASHELLS;3986.0;1
48000;;;DIVING_GEAR;SEASHELLS;99628.0;2
48200;;;BERRIES;SEASHELLS;3985.0;14
48300;;;BANANAS;SEASHELLS;4895.0;1
48700;;;PEARLS;SEASHELLS;10002.0;2
48900;;;BANANAS;SEASHELLS;4890.0;1
49100;;;BANANAS;SEASHELLS;4891.0;2
49100;;;PEARLS;SEASHELLS;9998.0;2
49200;;;PINA_COLADAS;SEASHELLS;15221.0;22
49200;;;PINA_COLADAS;SEASHELLS;15221.0;17
49200;;;DIVING_GEAR;SEASHELLS;99615.0;3
49300;;;BANANAS;SEASHELLS;4896.0;1
49700;;;PEARLS;SEASHELLS;10002.0;1
49800;;;PEARLS;SEASHELLS;9998.0;1
49900;;;PEARLS;SEASHELLS;10002.0;1
50100;;;BANANAS;SEASHELLS;4896.0;2
50100;;;PEARLS;SEASHELLS;10004.0;2
50300;;;PEARLS;SEASHELLS;10002.0;1
50400;;;PEARLS;SEASHELLS;10002.0;4
50600;;;COCONUTS;SEASHELLS;8094.0;60
50600;;;COCONUTS;SEASHELLS;8094.0;11
50600;;;BANANAS;SEASHELLS;4895.0;1
50700;;;BANANAS;SEASHELLS;4891.0;1
50800;;;PEARLS;SEASHELLS;9998.0;1
51500;;;BERRIES;SEASHELLS;3987.0;4
51800;;;BERRIES;SEASHELLS;3989.0;3
52300;;;BANANAS;SEASHELLS;4897.0;1
52700;;;BANANAS;SEASHELLS;4891.0;2
52700;;;PEARLS;SEASHELLS;9998.0;1
52700;;;PEARLS;SEASHELLS;9995.0;2
53400;;;BANANAS;SEASHELLS;4893.0;1
53600;;;PEARLS;SEASHELLS;9998.0;2
53600;;;BANANAS;SEASHELLS;4893.0;1
53700;;;DIVING_GEAR;SEASHELLS;99527.0;1
54400;;;BANANAS;SEASHELLS;4892.0;1
54400;;;BERRIES;SEASHELLS;3985.0;1
54500;;;COCONUTS;SEASHELLS;8093.0;60
54500;;;BANANAS;SEASHELLS;4892.0;1
54600;;;DIVING_GEAR;SEASHELLS;99498.0;3
54700;;;PEARLS;SEASHELLS;9998.0;1
55000;;;PEARLS;SEASHELLS;9998.0;1
55000;;;BANANAS;SEASHELLS;4900.0;1
55900;;;BANANAS;SEASHELLS;4901.0;3
56400;;;BERRIES;SEASHELLS;3990.0;10
56600;;;PEARLS;SEASHELLS;10004.0;1
56700;;;DIVING_GEAR;SEASHELLS;99482.0;1
56700;;;COCONUTS;SEASHELLS;8097.0;5
56700;;;BANANAS;SEASHELLS;4894.0;1
56800;;;BANANAS;SEASHELLS;4894.0;1
57000;;;PEARLS;SEASHELLS;9995.0;2
57000;;;BANANAS;SEASHELLS;4893.0;2
57000;;;BANANAS;SEASHELLS;4893.0;4
57200;;;BANANAS;SEASHELLS;4896.0;2
57300;;;PEARLS;SEASHELLS;10002.0;1
57400;;;BANANAS;SEASHELLS;4893.0;1
57800;;;BERRIES;SEASHELLS;3983.0;4
58000;;;BANANAS;SEASHELLS;4893.0;1
58000;;;DIVING_GEAR;SEASHELLS;99463.0;2
58100;;;BANANAS;SEASHELLS;4893.0;1
58800;;;COCONUTS;SEASHELLS;8093.0;24
58800;;;COCONUTS;SEASHELLS;8093.0;44
58800;;;PEARLS;SEASHELLS;9998.0;1
58900;;;PEARLS;SEASHELLS;9998.0;1
58900;;;COCONUTS;SEASHELLS;8096.0;5
59000;;;PEARLS;SEASHELLS;9998.0;9
59100;;;PEARLS;SEASHELLS;9998.0;2
59100;;;BANANAS;SEASHELLS;4894.0;12
59300;;;PEARLS;SEASHELLS;9998.0;1
59300;;;PEARLS;SEASHELLS;9998.0;2
59400;;;PEARLS;SEASHELLS;10002.0;3
59900;;;PEARLS;SEASHELLS;10004.0;2
59900;;;PEARLS;SEASHELLS;10002.0;1
59900;;;BANANAS;SEASHELLS;4900.0;2
60100;;;PEARLS;SEASHELLS;9998.0;1
60200;;;PEARLS;SEASHELLS;9998.0;1
60400;;;PEARLS;SEASHELLS;9998.0;2
60500;;;PEARLS;SEASHELLS;9996.0;1
60500;;;BANANAS;SEASHELLS;4893.0;1
61000;;;BANANAS;SEASHELLS;4900.0;1
61000;;;PEARLS;SEASHELLS;10004.0;1
61100;;;COCONUTS;SEASHELLS;8091.0;74
61100;;;BANANAS;SEASHELLS;4895.0;2
61200;;;DIVING_GEAR;SEASHELLS;99454.0;2
61500;;;PEARLS;SEASHELLS;10002.0;6
61600;;;BERRIES;SEASHELLS;3993.0;7
61600;;;DIVING_GEAR;SEASHELLS;99438.0;2
62000;;;PINA_COLADAS;SEASHELLS;15211.0;4
62200;;;BANANAS;SEASHELLS;4892.0;1
62300;;;BERRIES;SEASHELLS;3986.0;4
62400;;;DIVING_GEAR;SEASHELLS;99471.0;1
62500;;;DIVING_GEAR;SEASHELLS;99470.0;2
62800;;;PEARLS;SEASHELLS;9996.0;7
62800;;;PEARLS;SEASHELLS;9996.0;1
62900;;;BANANAS;SEASHELLS;4900.0;1
62900;;;PEARLS;SEASHELLS;10004.0;1
63000;;;BANANAS;SEASHELLS;4899.0;2
63100;;;BERRIES;SEASHELLS;3984.0;19
63500;;;PEARLS;SEASHELLS;9998.0;1
63700;;;COCONUTS;SEASHELLS;8097.0;8
63700;;;PEARLS;SEASHELLS;9998.0;1
63700;;;BANANAS;SEASHELLS;4895.0;1
63800;;;BANANAS;SEASHELLS;4894.0;1
63900;;;BANANAS;SEASHELLS;4895.0;1
64300;;;BANANAS;SEASHELLS;4902.0;5
64400;;;BANANAS;SEASHELLS;4894.0;1
64600;;;BANANAS;SEASHELLS;4895.0;1
64900;;;BANANAS;SEASHELLS;4895.0;1
65000;;;COCONUTS;SEASHELLS;8095.0;9
65100;;;PEARLS;SEASHELLS;10004.0;1
65100;;;BANANAS;SEASHELLS;4902.0;1
65300;;;BANANAS;SEASHELLS;4900.0;1
65300;;;PEARLS;SEASHELLS;10002.0;1
65400;;;PEARLS;SEASHELLS;9998.0;1
65700;;;BERRIES;SEASHELLS;3987.0;12
65900;;;BERRIES;SEASHELLS;3994.0;10
66000;;;PEARLS;SEASHELLS;9996.0;1
66000;;;BANANAS;SEASHELLS;4894.0;2
66100;;;PEARLS;SEASHELLS;9995.0;6
66400;;;COCONUTS;SEASHELLS;8096.0;7
66500;;;BANANAS;SEASHELLS;4892.0;1
66500;;;BANANAS;SEASHELLS;4892.0;10
66600;;;BERRIES;SEASHELLS;3985.0;16
67000;;;PEARLS;SEASHELLS;10002.0;4
67000;;;BANANAS;SEASHELLS;4893.0;5
67000;;;BERRIES;SEASHELLS;3991.0;10
67100;;;PEARLS;SEASHELLS;9996.0;1
67300;;;BANANAS;SEASHELLS;4891.0;1
67300;;;BANANAS;SEASHELLS;4891.0;17
67700;;;PEARLS;SEASHELLS;10002.0;1
68000;;;BANANAS;SEASHELLS;4892.0;16
68500;;;BERRIES;SEASHELLS;3985.0;4
68500;;;BERRIES;SEASHELLS;3985.0;11
68700;;;BANANAS;SEASHELLS;4899.0;18
69000;;;BERRIES;SEASHELLS;3984.0;11
69400;;;PEARLS;SEASHELLS;10002.0;4
69400;;;PINA_COLADAS;SEASHELLS;15193.0;5
69400;;;BERRIES;SEASHELLS;3985.0;2
69500;;;PEARLS;SEASHELLS;10002.0;1
69500;;;PEARLS;SEASHELLS;10002.0;1
69500;;;DIVING_GEAR;SEASHELLS;99476.0;1
69600;;;PEARLS;SEASHELLS;10002.0;1
69600;;;BANANAS;SEASHELLS;4898.0;1
69600;;;DIVING_GEAR;SEASHELLS;99491.0;2
69700;;;BERRIES;SEASHELLS;3992.0;1
69800;;;BANANAS;SEASHELLS;4895.0;1
69900;;;DIVING_GEAR;SEASHELLS;99504.0;3
70400;;;PEARLS;SEASHELLS;10002.0;5
70500;;;PINA_COLADAS;SEASHELLS;15179.0;5
70600;;;PEARLS;SEASHELLS;9996.0;2
70700;;;BANANAS;SEASHELLS;4899.0;2
70700;;;PEARLS;SEASHELLS;10002.0;2
70800;;;DIVING_GEAR;SEASHELLS;99545.0;2
70800;;;BANANAS;SEASHELLS;4895.0;1
70900;;;PEARLS;SEASHELLS;10005.0;1
70900;;;BANANAS;SEASHELLS;4901.0;1
70900;;;PEARLS;SEASHELLS;10005.0;12
71000;;;BANANAS;SEASHELLS;4899.0;1
71400;;;BANANAS;SEASHELLS;4896.0;1
71500;;;PINA_COLADAS;SEASHELLS;15178.0;11
71800;;;BERRIES;SEASHELLS;3991.0;12
72000;;;PINA_COLADAS;SEASHELLS;15182.0;9
72200;;;BANANAS;SEASHELLS;4893.0;9
72200;;;BANANAS;SEASHELLS;4893.0;1
72500;;;BANANAS;SEASHELLS;4899.0;1
72500;;;COCONUTS;SEASHELLS;8098.0;10
72500;;;PEARLS;SEASHELLS;10004.0;1
73100;;;COCONUTS;SEASHELLS;8099.0;10
73400;;;DIVING_GEAR;SEASHELLS;99501.0;2
73400;;;PEARLS;SEASHELLS;9998.0;1
73700;;;BANANAS;SEASHELLS;4898.0;1
73700;;;BERRIES;SEASHELLS;3980.0;10
74100;;;DIVING_GEAR;SEASHELLS;99491.0;1
74200;;;DIVING_GEAR;SEASHELLS;99488.0;1
74300;;;BANANAS;SEASHELLS;4897.0;1
74300;;;BANANAS;SEASHELLS;4892.0;11
74300;;;DIVING_GEAR;SEASHELLS;99477.0;2
74400;;;BANANAS;SEASHELLS;4891.0;1
74600;;;PEARLS;SEASHELLS;10004.0;2
74600;;;BANANAS;SEASHELLS;4891.0;1
74800;;;PEARLS;SEASHELLS;9998.0;2
74900;;;PEARLS;SEASHELLS;9998.0;1
75200;;;BANANAS;SEASHELLS;4895.0;7
75200;;;BANANAS;SEASHELLS;4895.0;6
75300;;;DIVING_GEAR;SEASHELLS;99516.0;1
75400;;;BANANAS;SEASHELLS;4896.0;5
75700;;;DIVING_GEAR;SEASHELLS;99504.0;1
75800;;;PEARLS;SEASHELLS;10004.0;1
75800;;;BANANAS;SEASHELLS;4899.0;1
76000;;;BANANAS;SEASHELLS;4892.0;20
77100;;;BANANAS;SEASHELLS;4894.0;1
77200;;;DIVING_GEAR;SEASHELLS;99524.0;2
77300;;;BERRIES;SEASHELLS;3976.0;13
77700;;;PEARLS;SEASHELLS;9998.0;1
78000;;;BANANAS;SEASHELLS;4895.0;1
78100;;;PEARLS;SEASHELLS;10002.0;1
78100;;;DIVING_GEAR;SEASHELLS;99527.0;2
78400;;;PEARLS;SEASHELLS;10004.0;5
78400;;;PEARLS;SEASHELLS;10004.0;2
78600;;;PEARLS;SEASHELLS;9996.0;2
78800;;;BANANAS;SEASHELLS;4900.0;1
78900;;;BERRIES;SEASHELLS;3982.0;10
79100;;;DIVING_GEAR;SEASHELLS;99494.0;1
79100;;;BANANAS;SEASHELLS;4895.0;1
79100;;;COCONUTS;SEASHELLS;8102.0;4
79100;;;COCONUTS;SEASHELLS;8102.0;51
79300;;;BANANAS;SEASHELLS;4895.0;1
79300;;;PEARLS;SEASHELLS;9996.0;1
79500;;;PEARLS;SEASHELLS;10004.0;1
79500;;;BANANAS;SEASHELLS;4902.0;1
79800;;;BANANAS;SEASHELLS;4900.0;1
79900;;;PEARLS;SEASHELLS;9998.0;2
79900;;;BANANAS;SEASHELLS;4894.0;2
80000;;;BANANAS;SEASHELLS;4894.0;1
80000;;;BANANAS;SEASHELLS;4894.0;1
80300;;;COCONUTS;SEASHELLS;8105.0;5
80300;;;PEARLS;SEASHELLS;9998.0;3
80300;;;BERRIES;SEASHELLS;3979.0;11
80400;;;PEARLS;SEASHELLS;9998.0;1
80400;;;BANANAS;SEASHELLS;4899.0;1
80600;;;PEARLS;SEASHELLS;9998.0;1
80700;;;PEARLS;SEASHELLS;9998.0;1
80900;;;DIVING_GEAR;SEASHELLS;99483.0;3
81500;;;BANANAS;SEASHELLS;4894.0;1
81500;;;PEARLS;SEASHELLS;10002.0;1
81700;;;BANANAS;SEASHELLS;4895.0;1
81800;;;BANANAS;SEASHELLS;4900.0;1
82000;;;DIVING_GEAR;SEASHELLS;99460.0;1
82100;;;BANANAS;SEASHELLS;4900.0;19
82200;;;PEARLS;SEASHELLS;9998.0;4
82400;;;PINA_COLADAS;SEASHELLS;15185.0;32
82500;;;BANANAS;SEASHELLS;4898.0;1
83000;;;PEARLS;SEASHELLS;9998.0;1
83400;;;PEARLS;SEASHELLS;10002.0;1
83500;;;COCONUTS;SEASHELLS;8107.0;10
83600;;;BERRIES;SEASHELLS;3977.0;11
83800;;;PEARLS;SEASHELLS;10005.0;1
83800;;;BANANAS;SEASHELLS;4900.0;1
84100;;;BANANAS;SEASHELLS;4896.0;1
84100;;;PEARLS;SEASHELLS;10002.0;1
84200;;;BANANAS;SEASHELLS;4892.0;2
84500;;;BANANAS;SEASHELLS;4891.0;1
84500;;;PEARLS;SEASHELLS;9996.0;1
84500;;;DIVING_GEAR;SEASHELLS;99398.0;3
84800;;;BANANAS;SEASHELLS;4896.0;1
84800;;;PEARLS;SEASHELLS;10002.0;1
85200;;;DIVING_GEAR;SEASHELLS;99398.0;1
85200;;;BANANAS;SEASHELLS;4896.0;1
85200;;;PEARLS;SEASHELLS;10002.0;1
85400;;;BANANAS;SEASHELLS;4896.0;1
85400;;;PINA_COLADAS;SEASHELLS;15205.0;10
85400;;;BERRIES;SEASHELLS;3976.0;7
85500;;;PEARLS;SEASHELLS;9998.0;7
85600;;;PEARLS;SEASHELLS;9996.0;2
85700;;;BANANAS;SEASHELLS;4891.0;3
85800;;;PEARLS;SEASHELLS;10002.0;1
85800;;;DIVING_GEAR;SEASHELLS;99402.0;1
85800;;;BANANAS;SEASHELLS;4892.0;1
85900;;;PEARLS;SEASHELLS;9996.0;1
86200;;;DIVING_GEAR;SEASHELLS;99417.0;1
86200;;;PEARLS;SEASHELLS;9998.0;2
86400;;;COCONUTS;SEASHELLS;8109.0;42
86600;;;BANANAS;SEASHELLS;4896.0;1
86600;;;PINA_COLADAS;SEASHELLS;15217.0;4
86900;;;BANANAS;SEASHELLS;4895.0;1
87100;;;PEARLS;SEASHELLS;9998.0;1
87100;;;BANANAS;SEASHELLS;4895.0;4
87100;;;BANANAS;SEASHELLS;4895.0;6
87500;;;BANANAS;SEASHELLS;4895.0;1
87900;;;BANANAS;SEASHELLS;4895.0;1
88200;;;DIVING_GEAR;SEASHELLS;99458.0;1
88200;;;COCONUTS;SEASHELLS;8116.0;10
88400;;;PINA_COLADAS;SEASHELLS;15233.0;3
88500;;;PEARLS;SEASHELLS;10002.0;1
88600;;;PEARLS;SEASHELLS;10002.0;1
88600;;;BANANAS;SEASHELLS;4895.0;8
88700;;;PEARLS;SEASHELLS;9995.0;8
88900;;;PEARLS;SEASHELLS;10002.0;1
88900;;;PEARLS;SEASHELLS;10002.0;4
89100;;;BANANAS;SEASHELLS;4895.0;2
89100;;;PEARLS;SEASHELLS;10005.0;2
89300;;;PEARLS;SEASHELLS;9996.0;2
89300;;;BANANAS;SEASHELLS;4888.0;2
89500;;;BANANAS;SEASHELLS;4893.0;1
89600;;;BERRIES;SEASHELLS;3969.0;10
89800;;;PEARLS;SEASHELLS;9998.0;1
89800;;;PEARLS;SEASHELLS;10004.0;1
89800;;;BANANAS;SEASHELLS;4893.0;1
89800;;;PEARLS;SEASHELLS;10005.0;2
89900;;;PINA_COLADAS;SEASHELLS;15240.0;4
90200;;;PEARLS;SEASHELLS;9998.0;2
90200;;;PEARLS;SEASHELLS;9998.0;1
90400;;;PEARLS;SEASHELLS;9996.0;1
91200;;;PEARLS;SEASHELLS;10002.0;1
91200;;;BANANAS;SEASHELLS;4893.0;1
91200;;;BERRIES;SEASHELLS;3979.0;19
91300;;;PEARLS;SEASHELLS;9998.0;1
91300;;;PEARLS;SEASHELLS;9998.0;7
91300;;;PEARLS;SEASHELLS;9998.0;0
91300;;;PEARLS;SEASHELLS;9998.0;2
91600;;;BANANAS;SEASHELLS;4889.0;1
91600;;;DIVING_GEAR;SEASHELLS;99500.0;3
91600;;;PEARLS;SEASHELLS;9998.0;1
91800;;;BANANAS;SEASHELLS;4890.0;2
91800;;;PEARLS;SEASHELLS;9998.0;3
91900;;;PEARLS;SEASHELLS;9998.0;1
92300;;;DIVING_GEAR;SEASHELLS;99495.0;2
92300;;;PINA_COLADAS;SEASHELLS;15242.0;2
92400;;;BANANAS;SEASHELLS;4894.0;1
92400;;;BANANAS;SEASHELLS;4895.0;17
93200;;;PEARLS;SEASHELLS;10005.0;2
93200;;;PEARLS;SEASHELLS;10002.0;3
93200;;;BANANAS;SEASHELLS;4895.0;2
93200;;;PEARLS;SEASHELLS;10004.0;10
93200;;;PEARLS;SEASHELLS;10004.0;2
93300;;;PEARLS;SEASHELLS;10002.0;1
93400;;;DIVING_GEAR;SEASHELLS;99499.0;1
93700;;;BERRIES;SEASHELLS;3974.0;4
93700;;;BANANAS;SEASHELLS;4894.0;1
94000;;;BANANAS;SEASHELLS;4894.0;1
94100;;;DIVING_GEAR;SEASHELLS;99499.0;1
94400;;;PEARLS;SEASHELLS;9998.0;1
94600;;;COCONUTS;SEASHELLS;8109.0;41
94600;;;COCONUTS;SEASHELLS;8109.0;30
95500;;;PEARLS;SEASHELLS;9998.0;1
95600;;;DIVING_GEAR;SEASHELLS;99517.0;1
95700;;;DIVING_GEAR;SEASHELLS;99530.0;1
95700;;;PEARLS;SEASHELLS;9998.0;1
95800;;;BANANAS;SEASHELLS;4891.0;2
95800;;;PEARLS;SEASHELLS;9996.0;2
95800;;;PEARLS;SEASHELLS;9998.0;1
96000;;;PINA_COLADAS;SEASHELLS;15212.0;11
96000;;;COCONUTS;SEASHELLS;8106.0;16
96100;;;DIVING_GEAR;SEASHELLS;99538.0;2
96100;;;BANANAS;SEASHELLS;4892.0;4
96200;;;PINA_COLADAS;SEASHELLS;15212.0;15
96600;;;BANANAS;SEASHELLS;4891.0;1
96600;;;PEARLS;SEASHELLS;10002.0;1
96900;;;BANANAS;SEASHELLS;4897.0;1
96900;;;BERRIES;SEASHELLS;3977.0;7
97100;;;PEARLS;SEASHELLS;10004.0;1
97100;;;BANANAS;SEASHELLS;4898.0;1
97200;;;BANANAS;SEASHELLS;4892.0;17
97300;;;DIVING_GEAR;SEASHELLS;99542.0;1
97400;;;DIVING_GEAR;SEASHELLS;99549.0;3
97800;;;BANANAS;SEASHELLS;4899.0;1
97800;;;PEARLS;SEASHELLS;10005.0;1
98500;;;BANANAS;SEASHELLS;4892.0;2
98700;;;PEARLS;SEASHELLS;10004.0;2
98700;;;BANANAS;SEASHELLS;4897.0;2
98800;;;BANANAS;SEASHELLS;4893.0;2
98800;;;PEARLS;SEASHELLS;9996.0;1
98800;;;PEARLS;SEASHELLS;9998.0;1
98800;;;PEARLS;SEASHELLS;9996.0;1
98900;;;BANANAS;SEASHELLS;4890.0;7
99100;;;BERRIES;SEASHELLS;3972.0;2
99500;;;DIVING_GEAR;SEASHELLS;99543.0;3
99800;;;BANANAS;SEASHELLS;4891.0;8
99800;;;BANANAS;SEASHELLS;4891.0;3
99800;;;PEARLS;SEASHELLS;9998.0;1
99800;;;BANANAS;SEASHELLS;4890.0;1
100100;;;BERRIES;SEASHELLS;3972.0;5
100100;;;BERRIES;SEASHELLS;3970.0;7
100200;;;DIVING_GEAR;SEASHELLS;99541.0;1
100400;;;BANANAS;SEASHELLS;4893.0;1
100400;;;PEARLS;SEASHELLS;9998.0;1
100600;;;BANANAS;SEASHELLS;4897.0;1
100600;;;PEARLS;SEASHELLS;9998.0;1
100900;;;PEARLS;SEASHELLS;10002.0;1
101000;;;BANANAS;SEASHELLS;4894.0;9
101000;;;BANANAS;SEASHELLS;4894.0;6
101000;;;DIVING_GEAR;SEASHELLS;99567.0;3
101100;;;BANANAS;SEASHELLS;4899.0;1
101100;;;DIVING_GEAR;SEASHELLS;99567.0;1
101200;;;BERRIES;SEASHELLS;3970.0;14
101600;;;BERRIES;SEASHELLS;3978.0;13
101700;;;BANANAS;SEASHELLS;4896.0;1
101700;;;BANANAS;SEASHELLS;4895.0;1
101700;;;PEARLS;SEASHELLS;10002.0;1
101900;;;BERRIES;SEASHELLS;3971.0;2
102300;;;PEARLS;SEASHELLS;10005.0;1
102300;;;PINA_COLADAS;SEASHELLS;15237.0;9
102300;;;BANANAS;SEASHELLS;4901.0;1
102300;;;BANANAS;SEASHELLS;4895.0;1
102600;;;PEARLS;SEASHELLS;9998.0;1
102800;;;BERRIES;SEASHELLS;3971.0;11
102900;;;BANANAS;SEASHELLS;4901.0;1
102900;;;DIVING_GEAR;SEASHELLS;99497.0;2
103000;;;COCONUTS;SEASHELLS;8108.0;11
103500;;;BERRIES;SEASHELLS;3969.0;13
103600;;;DIVING_GEAR;SEASHELLS;99503.0;1
103700;;;PEARLS;SEASHELLS;9998.0;1
103900;;;PEARLS;SEASHELLS;9998.0;1
104000;;;PEARLS;SEASHELLS;9998.0;2
104300;;;BANANAS;SEASHELLS;4896.0;3
104300;;;BERRIES;SEASHELLS;3973.0;10
104500;;;BANANAS;SEASHELLS;4897.0;5
104800;;;PEARLS;SEASHELLS;9998.0;2
105000;;;PEARLS;SEASHELLS;9995.0;5
105500;;;BANANAS;SEASHELLS;4898.0;1
105700;;;PEARLS;SEASHELLS;9998.0;3
105800;;;BERRIES;SEASHELLS;3966.0;3
106000;;;DIVING_GEAR;SEASHELLS;99500.0;2
106100;;;BANANAS;SEASHELLS;4902.0;8
106100;;;DIVING_GEAR;SEASHELLS;99503.0;1
106100;;;PEARLS;SEASHELLS;10002.0;1
106400;;;BANANAS;SEASHELLS;4898.0;1
106500;;;BANANAS;SEASHELLS;4904.0;1
106500;;;PEARLS;SEASHELLS;10005.0;1
106700;;;DIVING_GEAR;SEASHELLS;99470.0;2
106800;;;PEARLS;SEASHELLS;9998.0;1
106800;;;BANANAS;SEASHELLS;4899.0;1
107000;;;DIVING_GEAR;SEASHELLS;99481.0;1
107000;;;BANANAS;SEASHELLS;4898.0;1
107100;;;COCONUTS;SEASHELLS;8104.0;5
107300;;;BANANAS;SEASHELLS;4903.0;5
107400;;;BANANAS;SEASHELLS;4906.0;10
107400;;;PINA_COLADAS;SEASHELLS;15219.0;7
107800;;;BANANAS;SEASHELLS;4898.0;1
107800;;;PEARLS;SEASHELLS;9996.0;1
107900;;;BANANAS;SEASHELLS;4904.0;1
108300;;;BANANAS;SEASHELLS;4899.0;1
108300;;;BANANAS;SEASHELLS;4900.0;6
108300;;;PEARLS;SEASHELLS;9998.0;1
108400;;;BANANAS;SEASHELLS;4900.0;9
108600;;;BANANAS;SEASHELLS;4900.0;1
108600;;;PEARLS;SEASHELLS;9998.0;1
108600;;;PEARLS;SEASHELLS;9998.0;4
108800;;;BANANAS;SEASHELLS;4904.0;1
108800;;;PEARLS;SEASHELLS;10004.0;2
108800;;;BANANAS;SEASHELLS;4905.0;2
108900;;;PEARLS;SEASHELLS;9996.0;1
108900;;;PEARLS;SEASHELLS;9996.0;5
109200;;;BANANAS;SEASHELLS;4903.0;3
109400;;;BANANAS;SEASHELLS;4898.0;1
109500;;;BANANAS;SEASHELLS;4903.0;10
109500;;;PINA_COLADAS;SEASHELLS;15229.0;2
109600;;;BANANAS;SEASHELLS;4898.0;1
109700;;;BANANAS;SEASHELLS;4905.0;1
109700;;;PEARLS;SEASHELLS;10004.0;1
109800;;;COCONUTS;SEASHELLS;8105.0;7
110200;;;BANANAS;SEASHELLS;4899.0;1
110300;;;BERRIES;SEASHELLS;3957.0;10
110600;;;PEARLS;SEASHELLS;9998.0;1
110700;;;PEARLS;SEASHELLS;10002.0;1
111100;;;BANANAS;SEASHELLS;4901.0;1
111200;;;COCONUTS;SEASHELLS;8111.0;53
111200;;;COCONUTS;SEASHELLS;8111.0;18
111300;;;BANANAS;SEASHELLS;4900.0;1
111800;;;BANANAS;SEASHELLS;4907.0;1
111800;;;PEARLS;SEASHELLS;10004.0;1
112000;;;PINA_COLADAS;SEASHELLS;15210.0;3
112300;;;BANANAS;SEASHELLS;4900.0;1
112500;;;DIVING_GEAR;SEASHELLS;99480.0;2
112500;;;BANANAS;SEASHELLS;4900.0;3
112800;;;DIVING_GEAR;SEASHELLS;99470.0;1
113200;;;DIVING_GEAR;SEASHELLS;99472.0;3
113300;;;DIVING_GEAR;SEASHELLS;99467.0;1
113500;;;BANANAS;SEASHELLS;4905.0;1
113900;;;PEARLS;SEASHELLS;10002.0;1
114300;;;BANANAS;SEASHELLS;4902.0;8
114300;;;BERRIES;SEASHELLS;3965.0;4
114300;;;PEARLS;SEASHELLS;10004.0;1
114300;;;BANANAS;SEASHELLS;4904.0;1
114400;;;DIVING_GEAR;SEASHELLS;99446.0;3
114500;;;PEARLS;SEASHELLS;9996.0;2
114500;;;PEARLS;SEASHELLS;9996.0;9
114500;;;BANANAS;SEASHELLS;4898.0;1
114700;;;BANANAS;SEASHELLS;4902.0;4
115000;;;BANANAS;SEASHELLS;4902.0;5
115100;;;BANANAS;SEASHELLS;4898.0;1
115300;;;BERRIES;SEASHELLS;3963.0;1
115800;;;PINA_COLADAS;SEASHELLS;15213.0;2
116100;;;BANANAS;SEASHELLS;4904.0;1
116100;;;PEARLS;SEASHELLS;10005.0;1
116300;;;PEARLS;SEASHELLS;9996.0;2
116400;;;PEARLS;SEASHELLS;9998.0;1
116400;;;BANANAS;SEASHELLS;4901.0;2
116600;;;BANANAS;SEASHELLS;4897.0;1
116700;;;BERRIES;SEASHELLS;3958.0;10
116800;;;PEARLS;SEASHELLS;9995.0;2
116800;;;BANANAS;SEASHELLS;4897.0;7
116800;;;BANANAS;SEASHELLS;4898.0;2
116800;;;BANANAS;SEASHELLS;4897.0;2
117100;;;BANANAS;SEASHELLS;4903.0;1
117300;;;BANANAS;SEASHELLS;4903.0;1
117400;;;BANANAS;SEASHELLS;4903.0;1
117500;;;PEARLS;SEASHELLS;10002.0;2
117600;;;BANANAS;SEASHELLS;4899.0;1
117600;;;BANANAS;SEASHELLS;4899.0;14
117600;;;BANANAS;SEASHELLS;4899.0;4
117700;;;PINA_COLADAS;SEASHELLS;15216.0;12
117900;;;DIVING_GEAR;SEASHELLS;99428.0;3
117900;;;PEARLS;SEASHELLS;9998.0;1
118100;;;BANANAS;SEASHELLS;4905.0;2
118100;;;DIVING_GEAR;SEASHELLS;99427.0;2
118100;;;PEARLS;SEASHELLS;10005.0;2
118200;;;PEARLS;SEASHELLS;10002.0;2
118200;;;BANANAS;SEASHELLS;4903.0;2
118300;;;BANANAS;SEASHELLS;4899.0;1
118300;;;PEARLS;SEASHELLS;10002.0;3
118500;;;PINA_COLADAS;SEASHELLS;15219.0;28
118500;;;PINA_COLADAS;SEASHELLS;15219.0;2
118600;;;BANANAS;SEASHELLS;4899.0;2
118600;;;BANANAS;SEASHELLS;4899.0;7
119000;;;PEARLS;SEASHELLS;9998.0;1
119000;;;PEARLS;SEASHELLS;9996.0;1
119000;;;PEARLS;SEASHELLS;9996.0;4
119100;;;PEARLS;SEASHELLS;10002.0;1
119200;;;BANANAS;SEASHELLS;4900.0;7
119200;;;PEARLS;SEASHELLS;9996.0;1
119200;;;BANANAS;SEASHELLS;4900.0;1
119200;;;PEARLS;SEASHELLS;9996.0;1
119200;;;BANANAS;SEASHELLS;4899.0;2
119200;;;BANANAS;SEASHELLS;4906.0;12
119900;;;BANANAS;SEASHELLS;4907.0;1
120000;;;BERRIES;SEASHELLS;3970.0;14
120000;;;BANANAS;SEASHELLS;4907.0;7
120200;;;PEARLS;SEASHELLS;10002.0;1
120400;;;COCONUTS;SEASHELLS;8113.0;9
120800;;;BERRIES;SEASHELLS;3970.0;11
120900;;;PEARLS;SEASHELLS;10002.0;2
121000;;;BANANAS;SEASHELLS;4907.0;1
121000;;;DIVING_GEAR;SEASHELLS;99421.0;2
121000;;;PEARLS;SEASHELLS;10004.0;1
121200;;;BERRIES;SEASHELLS;3970.0;5
121300;;;PEARLS;SEASHELLS;10004.0;1
121400;;;DIVING_GEAR;SEASHELLS;99413.0;1
121600;;;BANANAS;SEASHELLS;4907.0;2
121600;;;PEARLS;SEASHELLS;10002.0;2
121600;;;BANANAS;SEASHELLS;4907.0;1
121700;;;BANANAS;SEASHELLS;4907.0;1
121800;;;PEARLS;SEASHELLS;9995.0;1
121800;;;BANANAS;SEASHELLS;4901.0;1
122000;;;BANANAS;SEASHELLS;4907.0;1
122200;;;PEARLS;SEASHELLS;9996.0;1
122200;;;BANANAS;SEASHELLS;4902.0;1
122200;;;BANANAS;SEASHELLS;4904.0;1
122500;;;PEARLS;SEASHELLS;10004.0;2
122500;;;PEARLS;SEASHELLS;10002.0;6
122500;;;BANANAS;SEASHELLS;4906.0;2
122500;;;PEARLS;SEASHELLS;10002.0;2
122600;;;PEARLS;SEASHELLS;9998.0;4
122700;;;PEARLS;SEASHELLS;10002.0;5
122800;;;BANANAS;SEASHELLS;4903.0;1
123000;;;DIVING_GEAR;SEASHELLS;99402.0;2
123100;;;PEARLS;SEASHELLS;10002.0;1
123200;;;BANANAS;SEASHELLS;4902.0;1
123500;;;PEARLS;SEASHELLS;9998.0;2
123500;;;BANANAS;SEASHELLS;4903.0;1
123700;;;PEARLS;SEASHELLS;9996.0;1
123700;;;BANANAS;SEASHELLS;4904.0;1
123900;;;BANANAS;SEASHELLS;4909.0;7
123900;;;PEARLS;SEASHELLS;9998.0;1
123900;;;BANANAS;SEASHELLS;4904.0;1
124000;;;PEARLS;SEASHELLS;10002.0;1
124200;;;BANANAS;SEASHELLS;4910.0;14
124200;;;PEARLS;SEASHELLS;9998.0;5
125000;;;DIVING_GEAR;SEASHELLS;99441.0;2
125200;;;BANANAS;SEASHELLS;4908.0;1
125200;;;DIVING_GEAR;SEASHELLS;99434.0;2
125400;;;PEARLS;SEASHELLS;10004.0;1
125400;;;BANANAS;SEASHELLS;4909.0;1
125500;;;BERRIES;SEASHELLS;3961.0;10
125600;;;DIVING_GEAR;SEASHELLS;99434.0;1
125600;;;BANANAS;SEASHELLS;4908.0;1
125900;;;PEARLS;SEASHELLS;9998.0;1
125900;;;BANANAS;SEASHELLS;4908.0;1
126000;;;BERRIES;SEASHELLS;3964.0;3
126200;;;BANANAS;SEASHELLS;4905.0;1
126400;;;PEARLS;SEASHELLS;9998.0;2
126400;;;BANANAS;SEASHELLS;4911.0;1
126600;;;BANANAS;SEASHELLS;4905.0;1
126700;;;PEARLS;SEASHELLS;9998.0;1
126700;;;PEARLS;SEASHELLS;9998.0;1
126900;;;BANANAS;SEASHELLS;4910.0;1
126900;;;PEARLS;SEASHELLS;10002.0;1
126900;;;PINA_COLADAS;SEASHELLS;15204.0;14
127000;;;PEARLS;SEASHELLS;10002.0;1
127000;;;PEARLS;SEASHELLS;10002.0;2
127100;;;PEARLS;SEASHELLS;9998.0;1
127200;;;DIVING_GEAR;SEASHELLS;99446.0;1
127500;;;PEARLS;SEASHELLS;10002.0;1
127500;;;PEARLS;SEASHELLS;10002.0;2
127500;;;BANANAS;SEASHELLS;4909.0;2
127700;;;PINA_COLADAS;SEASHELLS;15203.0;6
127900;;;BANANAS;SEASHELLS;4910.0;6
128000;;;BANANAS;SEASHELLS;4905.0;4
128000;;;PEARLS;SEASHELLS;10002.0;2
128100;;;BANANAS;SEASHELLS;4910.0;11
128400;;;BANANAS;SEASHELLS;4903.0;2
128400;;;PEARLS;SEASHELLS;10002.0;1
129000;;;BANANAS;SEASHELLS;4902.0;1
129100;;;BANANAS;SEASHELLS;4908.0;7
129200;;;BERRIES;SEASHELLS;3958.0;10
129200;;;BANANAS;SEASHELLS;4902.0;1
129400;;;PEARLS;SEASHELLS;9998.0;1
129500;;;PEARLS;SEASHELLS;9998.0;1
129700;;;COCONUTS;SEASHELLS;8111.0;12
129800;;;BANANAS;SEASHELLS;4909.0;2
129800;;;PEARLS;SEASHELLS;10005.0;2
129900;;;BERRIES;SEASHELLS;3964.0;12
130100;;;BANANAS;SEASHELLS;4906.0;1
130200;;;DIVING_GEAR;SEASHELLS;99506.0;1
130300;;;PEARLS;SEASHELLS;10005.0;2
130300;;;PINA_COLADAS;SEASHELLS;15210.0;13
130400;;;BANANAS;SEASHELLS;4907.0;1
130400;;;PEARLS;SEASHELLS;10004.0;1
130500;;;DIVING_GEAR;SEASHELLS;99513.0;3
130800;;;DIVING_GEAR;SEASHELLS;99496.0;2
131200;;;BANANAS;SEASHELLS;4901.0;1
131200;;;DIVING_GEAR;SEASHELLS;99507.0;1
131500;;;PEARLS;SEASHELLS;9996.0;1
131500;;;BANANAS;SEASHELLS;4900.0;2
131700;;;BANANAS;SEASHELLS;4900.0;4
131800;;;COCONUTS;SEASHELLS;8114.0;17
131800;;;BANANAS;SEASHELLS;4900.0;2
131900;;;PEARLS;SEASHELLS;9996.0;1
131900;;;PEARLS;SEASHELLS;9996.0;1
131900;;;BANANAS;SEASHELLS;4899.0;2
132100;;;PEARLS;SEASHELLS;10002.0;1
132200;;;PEARLS;SEASHELLS;10004.0;1
132200;;;COCONUTS;SEASHELLS;8116.0;57
132200;;;BANANAS;SEASHELLS;4905.0;1
132300;;;PEARLS;SEASHELLS;9995.0;1
132300;;;PEARLS;SEASHELLS;9998.0;2
132300;;;BANANAS;SEASHELLS;4899.0;1
132300;;;PEARLS;SEASHELLS;9998.0;1
132600;;;PEARLS;SEASHELLS;9998.0;1
132600;;;BANANAS;SEASHELLS;4900.0;1
132800;;;BANANAS;SEASHELLS;4904.0;1
133000;;;PEARLS;SEASHELLS;9998.0;2
133200;;;BANANAS;SEASHELLS;4907.0;1
133300;;;BERRIES;SEASHELLS;3964.0;2
133500;;;PEARLS;SEASHELLS;9998.0;3
133500;;;PEARLS;SEASHELLS;10005.0;8
133600;;;BERRIES;SEASHELLS;3964.0;5
133700;;;BERRIES;SEASHELLS;3964.0;6
134000;;;BANANAS;SEASHELLS;4903.0;1
134200;;;PINA_COLADAS;SEASHELLS;15206.0;9
134400;;;BANANAS;SEASHELLS;4908.0;20
134500;;;BANANAS;SEASHELLS;4906.0;3
134500;;;BANANAS;SEASHELLS;4907.0;1
134500;;;BANANAS;SEASHELLS;4906.0;8
134700;;;PEARLS;SEASHELLS;9998.0;1
134700;;;DIVING_GEAR;SEASHELLS;99517.0;1
134800;;;BANANAS;SEASHELLS;4903.0;5
135700;;;BERRIES;SEASHELLS;3965.0;15
135800;;;BANANAS;SEASHELLS;4902.0;1
135800;;;BANANAS;SEASHELLS;4902.0;1
136200;;;BANANAS;SEASHELLS;4906.0;2
136500;;;BANANAS;SEASHELLS;4902.0;1
136900;;;DIVING_GEAR;SEASHELLS;99468.0;3
137000;;;PEARLS;SEASHELLS;10002.0;1
137100;;;BANANAS;SEASHELLS;4902.0;1
137400;;;BANANAS;SEASHELLS;4901.0;1
137400;;;PEARLS;SEASHELLS;9995.0;1
137700;;;PEARLS;SEASHELLS;9996.0;2
137700;;;BANANAS;SEASHELLS;4901.0;2
137800;;;BANANAS;SEASHELLS;4900.0;2
137800;;;PEARLS;SEASHELLS;9996.0;2
137800;;;BERRIES;SEASHELLS;3961.0;5
138100;;;DIVING_GEAR;SEASHELLS;99461.0;3
138100;;;BANANAS;SEASHELLS;4901.0;8
138200;;;PEARLS;SEASHELLS;9998.0;1
138200;;;BANANAS;SEASHELLS;4905.0;1
138300;;;BERRIES;SEASHELLS;3961.0;6
138600;;;BANANAS;SEASHELLS;4902.0;1
138600;;;PEARLS;SEASHELLS;10004.0;1
138600;;;BANANAS;SEASHELLS;4904.0;1
138700;;;BANANAS;SEASHELLS;4903.0;1
139300;;;BANANAS;SEASHELLS;4904.0;1
139400;;;BANANAS;SEASHELLS;4904.0;1
139400;;;PEARLS;SEASHELLS;9996.0;1
140100;;;DIVING_GEAR;SEASHELLS;99500.0;2
140300;;;COCONUTS;SEASHELLS;8108.0;5
140500;;;PEARLS;SEASHELLS;9998.0;1
140600;;;BERRIES;SEASHELLS;3969.0;1
140600;;;BANANAS;SEASHELLS;4900.0;1
140900;;;BERRIES;SEASHELLS;3962.0;3
141400;;;PEARLS;SEASHELLS;9995.0;10
141500;;;BANANAS;SEASHELLS;4900.0;1
141600;;;PEARLS;SEASHELLS;10002.0;1
141600;;;PEARLS;SEASHELLS;10002.0;2
141800;;;PINA_COLADAS;SEASHELLS;15190.0;22
141900;;;DIVING_GEAR;SEASHELLS;99476.0;1
142100;;;BANANAS;SEASHELLS;4907.0;1
142200;;;BANANAS;SEASHELLS;4902.0;1
142500;;;PEARLS;SEASHELLS;9998.0;1
142800;;;PINA_COLADAS;SEASHELLS;15188.0;2
142800;;;PINA_COLADAS;SEASHELLS;15188.0;28
143300;;;PEARLS;SEASHELLS;9998.0;1
143800;;;BANANAS;SEASHELLS;4902.0;1
143900;;;BERRIES;SEASHELLS;3967.0;3
143900;;;BANANAS;SEASHELLS;4905.0;1
143900;;;BERRIES;SEASHELLS;3967.0;11
143900;;;PEARLS;SEASHELLS;9998.0;1
144100;;;BANANAS;SEASHELLS;4906.0;1
144400;;;BANANAS;SEASHELLS;4900.0;1
144500;;;PEARLS;SEASHELLS;10004.0;10
144500;;;PEARLS;SEASHELLS;10004.0;2
144600;;;BANANAS;SEASHELLS;4901.0;2
144600;;;PEARLS;SEASHELLS;9998.0;2
144800;;;PEARLS;SEASHELLS;10002.0;1
144900;;;PINA_COLADAS;SEASHELLS;15185.0;3
145000;;;DIVING_GEAR;SEASHELLS;99471.0;2
145100;;;BANANAS;SEASHELLS;4907.0;1
145100;;;DIVING_GEAR;SEASHELLS;99468.0;2
145100;;;PEARLS;SEASHELLS;9998.0;6
145100;;;PEARLS;SEASHELLS;10005.0;1
145200;;;BANANAS;SEASHELLS;4901.0;1
145400;;;BANANAS;SEASHELLS;4907.0;1
145400;;;BANANAS;SEASHELLS;4907.0;1
145600;;;BANANAS;SEASHELLS;4905.0;1
145600;;;BANANAS;SEASHELLS;4906.0;1
145600;;;PEARLS;SEASHELLS;10002.0;1
145700;;;BERRIES;SEASHELLS;3970.0;10
145900;;;PEARLS;SEASHELLS;10002.0;2
145900;;;BANANAS;SEASHELLS;4900.0;2
146400;;;BANANAS;SEASHELLS;4901.0;1
146400;;;PEARLS;SEASHELLS;9998.0;1
146400;;;BERRIES;SEASHELLS;3975.0;3
146600;;;DIVING_GEAR;SEASHELLS;99464.0;2
146700;;;DIVING_GEAR;SEASHELLS;99472.0;2
147000;;;PEARLS;SEASHELLS;10004.0;1
147000;;;BANANAS;SEASHELLS;4908.0;2
147000;;;PEARLS;SEASHELLS;10002.0;1
147000;;;PEARLS;SEASHELLS;10004.0;1
147000;;;BANANAS;SEASHELLS;4903.0;1
147200;;;BANANAS;SEASHELLS;4907.0;1
147400;;;BANANAS;SEASHELLS;4904.0;1
147500;;;BANANAS;SEASHELLS;4910.0;1
148200;;;PEARLS;SEASHELLS;9998.0;2
148200;;;BANANAS;SEASHELLS;4910.0;1
148200;;;PEARLS;SEASHELLS;9998.0;2
148200;;;BANANAS;SEASHELLS;4911.0;2
148200;;;PEARLS;SEASHELLS;9998.0;1
148300;;;BANANAS;SEASHELLS;4910.0;1
148300;;;BANANAS;SEASHELLS;4907.0;4
148700;;;PEARLS;SEASHELLS;9995.0;2
148700;;;BANANAS;SEASHELLS;4910.0;1
148700;;;PEARLS;SEASHELLS;10005.0;5
149000;;;PEARLS;SEASHELLS;10002.0;1
149000;;;BANANAS;SEASHELLS;4909.0;3
149000;;;BANANAS;SEASHELLS;4909.0;3
149000;;;BANANAS;SEASHELLS;4905.0;1
149100;;;PINA_COLADAS;SEASHELLS;15156.0;3
149100;;;BANANAS;SEASHELLS;4904.0;1
149500;;;BANANAS;SEASHELLS;4904.0;1
150300;;;COCONUTS;SEASHELLS;8097.0;9
150300;;;PEARLS;SEASHELLS;10002.0;1
150600;;;BANANAS;SEASHELLS;4903.0;6
150600;;;PEARLS;SEASHELLS;10002.0;1
150600;;;COCONUTS;SEASHELLS;8091.0;23
150800;;;BANANAS;SEASHELLS;4904.0;3
151100;;;PEARLS;SEASHELLS;10002.0;5
151200;;;PEARLS;SEASHELLS;10004.0;2
151400;;;BERRIES;SEASHELLS;3981.0;9
151400;;;PINA_COLADAS;SEASHELLS;15153.0;34
151500;;;PEARLS;SEASHELLS;10004.0;1
151500;;;DIVING_GEAR;SEASHELLS;99538.0;1
151500;;;BANANAS;SEASHELLS;4908.0;1
151600;;;PEARLS;SEASHELLS;9995.0;1
151600;;;PEARLS;SEASHELLS;9996.0;1
151600;;;BANANAS;SEASHELLS;4902.0;1
151700;;;BANANAS;SEASHELLS;4901.0;1
151800;;;BANANAS;SEASHELLS;4901.0;19
152100;;;PEARLS;SEASHELLS;10002.0;1
152100;;;BANANAS;SEASHELLS;4906.0;1
152400;;;PEARLS;SEASHELLS;9998.0;1
152400;;;BERRIES;SEASHELLS;3973.0;4
152600;;;PEARLS;SEASHELLS;9998.0;1
152700;;;PEARLS;SEASHELLS;9996.0;1
152800;;;BANANAS;SEASHELLS;4905.0;1
153000;;;BERRIES;SEASHELLS;3972.0;4
153000;;;PEARLS;SEASHELLS;9998.0;1
153000;;;BANANAS;SEASHELLS;4901.0;2
153100;;;DIVING_GEAR;SEASHELLS;99544.0;1
153200;;;PEARLS;SEASHELLS;10002.0;2
153300;;;PEARLS;SEASHELLS;9998.0;1
153500;;;BANANAS;SEASHELLS;4899.0;1
153600;;;BANANAS;SEASHELLS;4899.0;1
154000;;;BANANAS;SEASHELLS;4905.0;1
154000;;;PINA_COLADAS;SEASHELLS;15185.0;14
154200;;;BANANAS;SEASHELLS;4899.0;2
154200;;;PEARLS;SEASHELLS;9996.0;1
154200;;;PEARLS;SEASHELLS;9996.0;1
154300;;;BANANAS;SEASHELLS;4901.0;2
154900;;;BANANAS;SEASHELLS;4905.0;2
155000;;;DIVING_GEAR;SEASHELLS;99560.0;2
155200;;;BANANAS;SEASHELLS;4902.0;1
155200;;;BANANAS;SEASHELLS;4908.0;1
155200;;;PEARLS;SEASHELLS;10004.0;1
155300;;;BERRIES;SEASHELLS;3978.0;6
155300;;;PEARLS;SEASHELLS;9998.0;3
155700;;;BANANAS;SEASHELLS;4906.0;13
155800;;;COCONUTS;SEASHELLS;8099.0;5
156100;;;PEARLS;SEASHELLS;10002.0;1
156400;;;PEARLS;SEASHELLS;9998.0;2
156400;;;PEARLS;SEASHELLS;9998.0;1
156500;;;BANANAS;SEASHELLS;4900.0;9
156700;;;BANANAS;SEASHELLS;4906.0;20
156800;;;PEARLS;SEASHELLS;9998.0;1
156800;;;BANANAS;SEASHELLS;4900.0;1
156800;;;BANANAS;SEASHELLS;4900.0;1
156800;;;PEARLS;SEASHELLS;9998.0;1
156900;;;BANANAS;SEASHELLS;4906.0;1
156900;;;PEARLS;SEASHELLS;9998.0;1
156900;;;BANANAS;SEASHELLS;4906.0;5
157100;;;PEARLS;SEASHELLS;10002.0;1
157200;;;BANANAS;SEASHELLS;4898.0;12
157400;;;PEARLS;SEASHELLS;9996.0;1
157400;;;BANANAS;SEASHELLS;4898.0;1
157400;;;BANANAS;SEASHELLS;4899.0;3
157500;;;BANANAS;SEASHELLS;4899.0;5
157800;;;PEARLS;SEASHELLS;10002.0;1
158200;;;BANANAS;SEASHELLS;4897.0;11
158300;;;PEARLS;SEASHELLS;9998.0;1
158400;;;BANANAS;SEASHELLS;4902.0;1
158400;;;PEARLS;SEASHELLS;10004.0;1
158500;;;DIVING_GEAR;SEASHELLS;99550.0;1
158700;;;PEARLS;SEASHELLS;9998.0;1
158700;;;BANANAS;SEASHELLS;4901.0;1
159200;;;BANANAS;SEASHELLS;4895.0;1
159300;;;BANANAS;SEASHELLS;4895.0;1
159400;;;BANANAS;SEASHELLS;4895.0;1
159400;;;BERRIES;SEASHELLS;3972.0;11
159400;;;PEARLS;SEASHELLS;9998.0;1
159400;;;BANANAS;SEASHELLS;4895.0;5
159400;;;BANANAS;SEASHELLS;4900.0;1
159500;;;BANANAS;SEASHELLS;4899.0;1
159500;;;PEARLS;SEASHELLS;9995.0;1
160000;;;PEARLS;SEASHELLS;10005.0;12
160100;;;DIVING_GEAR;SEASHELLS;99552.0;3
160200;;;BERRIES;SEASHELLS;3978.0;19
160700;;;BERRIES;SEASHELLS;3973.0;10
161000;;;BANANAS;SEASHELLS;4897.0;2
161000;;;PEARLS;SEASHELLS;9996.0;2
161500;;;BANANAS;SEASHELLS;4904.0;1
161500;;;BANANAS;SEASHELLS;4903.0;4
161600;;;PEARLS;SEASHELLS;10002.0;1
162000;;;DIVING_GEAR;SEASHELLS;99514.0;2
162400;;;DIVING_GEAR;SEASHELLS;99501.0;2
162400;;;BANANAS;SEASHELLS;4900.0;5
162500;;;BERRIES;SEASHELLS;3978.0;9
163100;;;BANANAS;SEASHELLS;4899.0;1
163400;;;BANANAS;SEASHELLS;4904.0;1
163400;;;PEARLS;SEASHELLS;10004.0;1
163400;;;PEARLS;SEASHELLS;10004.0;1
163400;;;BANANAS;SEASHELLS;4904.0;1
163500;;;BANANAS;SEASHELLS;4898.0;12
163900;;;DIVING_GEAR;SEASHELLS;99508.0;1
163900;;;PEARLS;SEASHELLS;10004.0;2
163900;;;BERRIES;SEASHELLS;3978.0;2
164600;;;PEARLS;SEASHELLS;9998.0;1
164800;;;PEARLS;SEASHELLS;10004.0;3
164800;;;PEARLS;SEASHELLS;10004.0;1
164900;;;BANANAS;SEASHELLS;4904.0;1
164900;;;PEARLS;SEASHELLS;10005.0;1
164900;;;BERRIES;SEASHELLS;3971.0;13
165200;;;DIVING_GEAR;SEASHELLS;99514.0;2
165300;;;BANANAS;SEASHELLS;4901.0;1
165700;;;BANANAS;SEASHELLS;4901.0;1
165800;;;PEARLS;SEASHELLS;10004.0;1
165800;;;BANANAS;SEASHELLS;4896.0;1
165800;;;BANANAS;SEASHELLS;4902.0;2
165900;;;PEARLS;SEASHELLS;9996.0;1
165900;;;DIVING_GEAR;SEASHELLS;99517.0;1
166000;;;BERRIES;SEASHELLS;3979.0;7
166200;;;PEARLS;SEASHELLS;10002.0;1
166400;;;BANANAS;SEASHELLS;4896.0;3
166400;;;BANANAS;SEASHELLS;4896.0;4
166500;;;BANANAS;SEASHELLS;4896.0;1
166800;;;COCONUTS;SEASHELLS;8098.0;66
167100;;;PEARLS;SEASHELLS;9996.0;2
167100;;;BANANAS;SEASHELLS;4896.0;2
167100;;;BANANAS;SEASHELLS;4903.0;8
167200;;;COCONUTS;SEASHELLS;8097.0;26
167400;;;BANANAS;SEASHELLS;4901.0;1
167500;;;BANANAS;SEASHELLS;4896.0;4
167500;;;DIVING_GEAR;SEASHELLS;99490.0;1
167800;;;BANANAS;SEASHELLS;4898.0;6
168000;;;BERRIES;SEASHELLS;3972.0;1
168200;;;PEARLS;SEASHELLS;10005.0;2
168200;;;BANANAS;SEASHELLS;4902.0;2
168300;;;BERRIES;SEASHELLS;3978.0;8
168400;;;PEARLS;SEASHELLS;10004.0;1
168400;;;PEARLS;SEASHELLS;10004.0;9
168400;;;PEARLS;SEASHELLS;9998.0;3
169000;;;PEARLS;SEASHELLS;9998.0;1
169200;;;BANANAS;SEASHELLS;4895.0;2
169200;;;PEARLS;SEASHELLS;9995.0;2
169400;;;BERRIES;SEASHELLS;3977.0;12
169900;;;PEARLS;SEASHELLS;9998.0;2
169900;;;COCONUTS;SEASHELLS;8101.0;23
170000;;;PEARLS;SEASHELLS;9998.0;5
170100;;;BANANAS;SEASHELLS;4896.0;1
170100;;;BERRIES;SEASHELLS;3975.0;5
170200;;;PEARLS;SEASHELLS;9998.0;1
170200;;;BANANAS;SEASHELLS;4897.0;3
170300;;;COCONUTS;SEASHELLS;8102.0;5
170600;;;BANANAS;SEASHELLS;4899.0;3
170700;;;BERRIES;SEASHELLS;3967.0;12
170700;;;BERRIES;SEASHELLS;3967.0;5
170800;;;DIVING_GEAR;SEASHELLS;99403.0;1
171300;;;PEARLS;SEASHELLS;9998.0;1
171300;;;BANANAS;SEASHELLS;4894.0;1
171300;;;DIVING_GEAR;SEASHELLS;99430.0;2
171600;;;BANANAS;SEASHELLS;4898.0;1
171600;;;PEARLS;SEASHELLS;9998.0;1
171700;;;PEARLS;SEASHELLS;10002.0;2
171800;;;PEARLS;SEASHELLS;9995.0;1
171800;;;BANANAS;SEASHELLS;4898.0;1
172200;;;BERRIES;SEASHELLS;3967.0;15
172300;;;PINA_COLADAS;SEASHELLS;15184.0;5
172300;;;COCONUTS;SEASHELLS;8097.0;11
172400;;;BANANAS;SEASHELLS;4898.0;1
172600;;;BANANAS;SEASHELLS;4899.0;1
172600;;;PEARLS;SEASHELLS;10004.0;1
172700;;;DIVING_GEAR;SEASHELLS;99424.0;1
172800;;;DIVING_GEAR;SEASHELLS;99420.0;2
172800;;;BERRIES;SEASHELLS;3972.0;5
172800;;;BANANAS;SEASHELLS;4894.0;1
172900;;;PEARLS;SEASHELLS;9998.0;2
172900;;;BERRIES;SEASHELLS;3971.0;12
173000;;;PEARLS;SEASHELLS;9998.0;2
173000;;;BANANAS;SEASHELLS;4895.0;2
173100;;;BANANAS;SEASHELLS;4894.0;1
173300;;;BANANAS;SEASHELLS;4901.0;2
173300;;;PEARLS;SEASHELLS;10004.0;1
173500;;;COCONUTS;SEASHELLS;8100.0;50
173500;;;BANANAS;SEASHELLS;4894.0;1
173500;;;BANANAS;SEASHELLS;4894.0;14
173700;;;BERRIES;SEASHELLS;3966.0;4
173800;;;BERRIES;SEASHELLS;3966.0;6
174400;;;BANANAS;SEASHELLS;4894.0;2
174400;;;PEARLS;SEASHELLS;10002.0;1
174600;;;PEARLS;SEASHELLS;10002.0;1
174800;;;COCONUTS;SEASHELLS;8102.0;10
174800;;;BANANAS;SEASHELLS;4895.0;1
175100;;;PEARLS;SEASHELLS;10002.0;2
175200;;;DIVING_GEAR;SEASHELLS;99423.0;2
175800;;;BERRIES;SEASHELLS;3960.0;10
175900;;;PINA_COLADAS;SEASHELLS;15171.0;10
176100;;;BERRIES;SEASHELLS;3967.0;11
176100;;;PINA_COLADAS;SEASHELLS;15163.0;2
176300;;;PEARLS;SEASHELLS;10005.0;3
176700;;;PEARLS;SEASHELLS;9998.0;2
176700;;;PEARLS;SEASHELLS;9998.0;2
176700;;;BANANAS;SEASHELLS;4894.0;2
176900;;;BANANAS;SEASHELLS;4893.0;7
177000;;;BANANAS;SEASHELLS;4893.0;1
177100;;;PINA_COLADAS;SEASHELLS;15159.0;34
177300;;;DIVING_GEAR;SEASHELLS;99424.0;1
177500;;;DIVING_GEAR;SEASHELLS;99422.0;2
177600;;;PEARLS;SEASHELLS;10005.0;6
177600;;;BANANAS;SEASHELLS;4899.0;4
177900;;;BANANAS;SEASHELLS;4899.0;1
177900;;;PEARLS;SEASHELLS;10004.0;1
178000;;;PINA_COLADAS;SEASHELLS;15156.0;14
178100;;;PINA_COLADAS;SEASHELLS;15157.0;15
178100;;;BANANAS;SEASHELLS;4898.0;1
178500;;;PINA_COLADAS;SEASHELLS;15158.0;2
178600;;;BANANAS;SEASHELLS;4899.0;7
178800;;;BANANAS;SEASHELLS;4895.0;1
179500;;;PEARLS;SEASHELLS;10002.0;1
179600;;;BANANAS;SEASHELLS;4902.0;1
179600;;;BERRIES;SEASHELLS;3957.0;2
179800;;;BANANAS;SEASHELLS;4898.0;10
179900;;;BANANAS;SEASHELLS;4899.0;3
179900;;;PEARLS;SEASHELLS;10002.0;4
180000;;;BANANAS;SEASHELLS;4899.0;3
180000;;;PEARLS;SEASHELLS;9998.0;1
180200;;;BANANAS;SEASHELLS;4904.0;5
180300;;;BANANAS;SEASHELLS;4898.0;1
180400;;;BANANAS;SEASHELLS;4903.0;1
180600;;;PINA_COLADAS;SEASHELLS;15159.0;9
180600;;;PEARLS;SEASHELLS;10002.0;1
180900;;;PEARLS;SEASHELLS;10004.0;1
180900;;;BANANAS;SEASHELLS;4905.0;2
180900;;;PEARLS;SEASHELLS;10004.0;1
181400;;;BERRIES;SEASHELLS;3968.0;5
181600;;;BERRIES;SEASHELLS;3969.0;7
181600;;;PEARLS;SEASHELLS;10002.0;3
181800;;;BANANAS;SEASHELLS;4896.0;11
182000;;;PINA_COLADAS;SEASHELLS;15160.0;2
182200;;;BANANAS;SEASHELLS;4902.0;2
182200;;;BANANAS;SEASHELLS;4903.0;1
182500;;;BANANAS;SEASHELLS;4904.0;1
182500;;;PEARLS;SEASHELLS;10002.0;1
182600;;;BERRIES;SEASHELLS;3971.0;15
182800;;;PEARLS;SEASHELLS;10002.0;1
183100;;;BERRIES;SEASHELLS;3970.0;1
183300;;;BANANAS;SEASHELLS;4899.0;1
183400;;;PEARLS;SEASHELLS;9998.0;2
183400;;;PEARLS;SEASHELLS;9998.0;10
183500;;;DIVING_GEAR;SEASHELLS;99393.0;2
183600;;;PEARLS;SEASHELLS;10002.0;1
183600;;;BANANAS;SEASHELLS;4900.0;5
183800;;;BANANAS;SEASHELLS;4899.0;1
184100;;;COCONUTS;SEASHELLS;8091.0;18
184300;;;PINA_COLADAS;SEASHELLS;15158.0;4
184700;;;COCONUTS;SEASHELLS;8091.0;9
184800;;;BANANAS;SEASHELLS;4899.0;1
184800;;;PEARLS;SEASHELLS;9998.0;1
185000;;;PEARLS;SEASHELLS;9996.0;1
185000;;;BERRIES;SEASHELLS;3972.0;13
185000;;;BANANAS;SEASHELLS;4899.0;2
185500;;;BANANAS;SEASHELLS;4899.0;2
185500;;;PEARLS;SEASHELLS;9996.0;2
185700;;;DIVING_GEAR;SEASHELLS;99412.0;2
185800;;;BANANAS;SEASHELLS;4904.0;1
186200;;;PEARLS;SEASHELLS;10002.0;5
186300;;;PINA_COLADAS;SEASHELLS;15160.0;14
186600;;;BERRIES;SEASHELLS;3964.0;10
186700;;;PEARLS;SEASHELLS;9996.0;1
186700;;;PEARLS;SEASHELLS;9996.0;11
187000;;;BANANAS;SEASHELLS;4900.0;1
187200;;;PEARLS;SEASHELLS;9998.0;3
187200;;;COCONUTS;SEASHELLS;8091.0;16
187300;;;PEARLS;SEASHELLS;9995.0;1
187300;;;BANANAS;SEASHELLS;4900.0;1
187500;;;PINA_COLADAS;SEASHELLS;15161.0;2
187600;;;BANANAS;SEASHELLS;4899.0;1
187600;;;PEARLS;SEASHELLS;10002.0;1
187800;;;DIVING_GEAR;SEASHELLS;99454.0;1
187900;;;PEARLS;SEASHELLS;10004.0;2
187900;;;PEARLS;SEASHELLS;9998.0;4
188100;;;PINA_COLADAS;SEASHELLS;15161.0;6
188100;;;BERRIES;SEASHELLS;3970.0;3
188200;;;BANANAS;SEASHELLS;4899.0;1
188200;;;PEARLS;SEASHELLS;9996.0;1
188200;;;PEARLS;SEASHELLS;9998.0;1
188300;;;BANANAS;SEASHELLS;4900.0;4
188400;;;BERRIES;SEASHELLS;3970.0;13
188500;;;BANANAS;SEASHELLS;4906.0;1
188500;;;PEARLS;SEASHELLS;10005.0;1
188600;;;BANANAS;SEASHELLS;4906.0;16
189200;;;PEARLS;SEASHELLS;9996.0;2
189200;;;PINA_COLADAS;SEASHELLS;15160.0;3
189600;;;PEARLS;SEASHELLS;10002.0;2
189700;;;PINA_COLADAS;SEASHELLS;15157.0;15
189800;;;PEARLS;SEASHELLS;9998.0;1
189900;;;BANANAS;SEASHELLS;4899.0;3
189900;;;BANANAS;SEASHELLS;4899.0;2
190000;;;PEARLS;SEASHELLS;9998.0;1
190200;;;BANANAS;SEASHELLS;4897.0;1
190300;;;PEARLS;SEASHELLS;9996.0;2
190600;;;BANANAS;SEASHELLS;4897.0;19
190900;;;BANANAS;SEASHELLS;4897.0;2
190900;;;PEARLS;SEASHELLS;9995.0;2
191000;;;BANANAS;SEASHELLS;4897.0;3
191600;;;BERRIES;SEASHELLS;3962.0;11
192200;;;BANANAS;SEASHELLS;4904.0;1
192600;;;COCONUTS;SEASHELLS;8091.0;10
192800;;;PINA_COLADAS;SEASHELLS;15148.0;2
193000;;;PEARLS;SEASHELLS;9995.0;1
193000;;;BANANAS;SEASHELLS;4899.0;1
193100;;;BANANAS;SEASHELLS;4899.0;1
193200;;;PINA_COLADAS;SEASHELLS;15144.0;4
193200;;;BANANAS;SEASHELLS;4905.0;1
193400;;;BERRIES;SEASHELLS;3969.0;10
193600;;;BANANAS;SEASHELLS;4906.0;14
193700;;;PEARLS;SEASHELLS;10005.0;11
193800;;;COCONUTS;SEASHELLS;8085.0;43
193800;;;PEARLS;SEASHELLS;9998.0;1
193900;;;PEARLS;SEASHELLS;9996.0;2
194200;;;PEARLS;SEASHELLS;10002.0;1
194200;;;BANANAS;SEASHELLS;4899.0;1
194300;;;BANANAS;SEASHELLS;4899.0;1
194800;;;PEARLS;SEASHELLS;9995.0;1
194800;;;PINA_COLADAS;SEASHELLS;15150.0;10
194800;;;BANANAS;SEASHELLS;4899.0;1
195100;;;PEARLS;SEASHELLS;9996.0;1
195400;;;BERRIES;SEASHELLS;3969.0;12
195400;;;PINA_COLADAS;SEASHELLS;15158.0;2
195600;;;BANANAS;SEASHELLS;4907.0;2
195600;;;PEARLS;SEASHELLS;10004.0;2
195700;;;BANANAS;SEASHELLS;4902.0;5
196200;;;BANANAS;SEASHELLS;4901.0;4
196700;;;BANANAS;SEASHELLS;4906.0;1
197000;;;PEARLS;SEASHELLS;9998.0;1
197100;;;PEARLS;SEASHELLS;10002.0;1
197400;;;PEARLS;SEASHELLS;9996.0;1
197500;;;PEARLS;SEASHELLS;9998.0;5
197700;;;BANANAS;SEASHELLS;4903.0;1
197700;;;PEARLS;SEASHELLS;9995.0;1
197700;;;COCONUTS;SEASHELLS;8082.0;45
197800;;;BERRIES;SEASHELLS;3967.0;7
198300;;;BERRIES;SEASHELLS;3972.0;2
198400;;;PEARLS;SEASHELLS;9998.0;1
198500;;;PEARLS;SEASHELLS;10002.0;3
198900;;;DIVING_GEAR;SEASHELLS;99501.0;2
198900;;;BANANAS;SEASHELLS;4910.0;1
199100;;;DIVING_GEAR;SEASHELLS;99490.0;2
199300;;;BANANAS;SEASHELLS;4910.0;1
199400;;;PEARLS;SEASHELLS;10002.0;3
199400;;;PEARLS;SEASHELLS;10002.0;1
199500;;;BANANAS;SEASHELLS;4905.0;17
199700;;;PEARLS;SEASHELLS;10002.0;1
199800;;;DIVING_GEAR;SEASHELLS;99493.0;1
199900;;;BANANAS;SEASHELLS;4906.0;3
200100;;;PEARLS;SEASHELLS;10002.0;5
200200;;;DIVING_GEAR;SEASHELLS;99482.0;2
200300;;;BANANAS;SEASHELLS;4911.0;2
200300;;;PEARLS;SEASHELLS;10004.0;2
200300;;;BANANAS;SEASHELLS;4905.0;1
200400;;;BANANAS;SEASHELLS;4911.0;1
200400;;;PEARLS;SEASHELLS;10004.0;1
200800;;;PEARLS;SEASHELLS;10002.0;1
200800;;;BANANAS;SEASHELLS;4909.0;3
200900;;;BANANAS;SEASHELLS;4904.0;1
201800;;;BANANAS;SEASHELLS;4909.0;1
201800;;;BANANAS;SEASHELLS;4909.0;8
201800;;;PINA_COLADAS;SEASHELLS;15178.0;8
201800;;;PEARLS;SEASHELLS;9998.0;3
201900;;;PINA_COLADAS;SEASHELLS;15179.0;6
202000;;;PEARLS;SEASHELLS;10002.0;3
202100;;;BANANAS;SEASHELLS;4904.0;1
202200;;;PEARLS;SEASHELLS;10002.0;5
202300;;;DIVING_GEAR;SEASHELLS;99466.0;3
202500;;;PINA_COLADAS;SEASHELLS;15179.0;13
202600;;;COCONUTS;SEASHELLS;8085.0;40
202600;;;PEARLS;SEASHELLS;10002.0;4
202900;;;BANANAS;SEASHELLS;4910.0;4
203000;;;BANANAS;SEASHELLS;4908.0;1
203200;;;BANANAS;SEASHELLS;4906.0;2
203300;;;PEARLS;SEASHELLS;9996.0;2
203300;;;BANANAS;SEASHELLS;4902.0;10
203700;;;BANANAS;SEASHELLS;4907.0;1
203900;;;BANANAS;SEASHELLS;4908.0;2
203900;;;PEARLS;SEASHELLS;10004.0;1
204000;;;PINA_COLADAS;SEASHELLS;15174.0;20
204000;;;PINA_COLADAS;SEASHELLS;15174.0;5
204800;;;PEARLS;SEASHELLS;10004.0;7
204800;;;PEARLS;SEASHELLS;10004.0;1
205000;;;BANANAS;SEASHELLS;4905.0;2
205000;;;COCONUTS;SEASHELLS;8085.0;7
205000;;;PEARLS;SEASHELLS;10004.0;2
205000;;;BANANAS;SEASHELLS;4899.0;1
205400;;;BANANAS;SEASHELLS;4905.0;1
205700;;;BANANAS;SEASHELLS;4899.0;1
205800;;;PEARLS;SEASHELLS;10002.0;1
206000;;;BERRIES;SEASHELLS;3974.0;12
206200;;;DIVING_GEAR;SEASHELLS;99474.0;2
206400;;;BANANAS;SEASHELLS;4898.0;2
206400;;;PEARLS;SEASHELLS;9996.0;2
206800;;;DIVING_GEAR;SEASHELLS;99467.0;1
206900;;;PINA_COLADAS;SEASHELLS;15173.0;5
206900;;;DIVING_GEAR;SEASHELLS;99467.0;2
207000;;;PEARLS;SEASHELLS;9998.0;1
207000;;;BANANAS;SEASHELLS;4896.0;1
207100;;;BANANAS;SEASHELLS;4897.0;10
207200;;;BERRIES;SEASHELLS;3974.0;7
207300;;;BANANAS;SEASHELLS;4902.0;1
207300;;;PEARLS;SEASHELLS;10004.0;1
207400;;;PINA_COLADAS;SEASHELLS;15172.0;7
207500;;;PEARLS;SEASHELLS;9996.0;2
207500;;;PEARLS;SEASHELLS;9996.0;5
207800;;;DIVING_GEAR;SEASHELLS;99449.0;1
207800;;;BANANAS;SEASHELLS;4900.0;1
207900;;;BANANAS;SEASHELLS;4895.0;1
208000;;;BANANAS;SEASHELLS;4901.0;1
208000;;;PEARLS;SEASHELLS;10004.0;1
208100;;;BANANAS;SEASHELLS;4901.0;1
208100;;;PEARLS;SEASHELLS;9998.0;1
208300;;;BANANAS;SEASHELLS;4894.0;1
208400;;;COCONUTS;SEASHELLS;8086.0;14
208600;;;PINA_COLADAS;SEASHELLS;15185.0;4
208700;;;BANANAS;SEASHELLS;4893.0;1
209000;;;BANANAS;SEASHELLS;4899.0;1
209000;;;DIVING_GEAR;SEASHELLS;99473.0;1
209700;;;PEARLS;SEASHELLS;9996.0;2
209700;;;BANANAS;SEASHELLS;4895.0;1
209700;;;PEARLS;SEASHELLS;9996.0;5
209900;;;PEARLS;SEASHELLS;9998.0;1
209900;;;BANANAS;SEASHELLS;4897.0;3
210000;;;PINA_COLADAS;SEASHELLS;15187.0;3
210100;;;BANANAS;SEASHELLS;4895.0;1
210300;;;BANANAS;SEASHELLS;4895.0;1
210300;;;PEARLS;SEASHELLS;10002.0;1
210300;;;BANANAS;SEASHELLS;4899.0;1
210400;;;BANANAS;SEASHELLS;4895.0;1
210500;;;BANANAS;SEASHELLS;4895.0;13
210600;;;BANANAS;SEASHELLS;4895.0;1
210600;;;PEARLS;SEASHELLS;9995.0;1
210700;;;BANANAS;SEASHELLS;4896.0;1
210700;;;PEARLS;SEASHELLS;9996.0;1
211000;;;DIVING_GEAR;SEASHELLS;99483.0;2
211100;;;PEARLS;SEASHELLS;10002.0;1
211100;;;BANANAS;SEASHELLS;4900.0;1
211300;;;PEARLS;SEASHELLS;9998.0;1
211400;;;PEARLS;SEASHELLS;9996.0;1
211400;;;PEARLS;SEASHELLS;9996.0;2
211600;;;BERRIES;SEASHELLS;3974.0;11
211700;;;PINA_COLADAS;SEASHELLS;15198.0;6
211700;;;PINA_COLADAS;SEASHELLS;15198.0;21
211800;;;BANANAS;SEASHELLS;4895.0;1
212300;;;PEARLS;SEASHELLS;9998.0;1
212300;;;BANANAS;SEASHELLS;4896.0;1
212800;;;BANANAS;SEASHELLS;4897.0;1
212800;;;BERRIES;SEASHELLS;3967.0;5
213000;;;PEARLS;SEASHELLS;9998.0;1
213200;;;DIVING_GEAR;SEASHELLS;99504.0;3
213700;;;BERRIES;SEASHELLS;3967.0;9
213800;;;BANANAS;SEASHELLS;4900.0;2
213800;;;DIVING_GEAR;SEASHELLS;99514.0;3
213900;;;PEARLS;SEASHELLS;9998.0;3
213900;;;BANANAS;SEASHELLS;4894.0;1
214100;;;PEARLS;SEASHELLS;9998.0;1
214100;;;PEARLS;SEASHELLS;9998.0;1
214200;;;DIVING_GEAR;SEASHELLS;99513.0;2
214200;;;BERRIES;SEASHELLS;3966.0;6
214500;;;PEARLS;SEASHELLS;9998.0;1
214500;;;PEARLS;SEASHELLS;9998.0;3
214600;;;BERRIES;SEASHELLS;3969.0;1
214700;;;PEARLS;SEASHELLS;9996.0;2
215000;;;BANANAS;SEASHELLS;4900.0;2
215100;;;BANANAS;SEASHELLS;4900.0;6
215100;;;BANANAS;SEASHELLS;4900.0;14
215100;;;PEARLS;SEASHELLS;9998.0;1
215200;;;DIVING_GEAR;SEASHELLS;99517.0;2
215500;;;BANANAS;SEASHELLS;4900.0;4
215700;;;PINA_COLADAS;SEASHELLS;15180.0;13
215800;;;BANANAS;SEASHELLS;4896.0;1
216000;;;BANANAS;SEASHELLS;4896.0;1
216100;;;BANANAS;SEASHELLS;4902.0;1
216100;;;PEARLS;SEASHELLS;10002.0;1
216600;;;PEARLS;SEASHELLS;9998.0;1
216700;;;BANANAS;SEASHELLS;4900.0;2
216700;;;BANANAS;SEASHELLS;4903.0;5
217100;;;PEARLS;SEASHELLS;9996.0;1
217100;;;BANANAS;SEASHELLS;4897.0;5
217300;;;DIVING_GEAR;SEASHELLS;99523.0;1
217500;;;BANANAS;SEASHELLS;4898.0;9
217500;;;PEARLS;SEASHELLS;9996.0;1
217500;;;BANANAS;SEASHELLS;4897.0;1
217700;;;BERRIES;SEASHELLS;3976.0;10
217700;;;BANANAS;SEASHELLS;4901.0;1
217700;;;DIVING_GEAR;SEASHELLS;99508.0;2
217800;;;PEARLS;SEASHELLS;9996.0;1
217900;;;BANANAS;SEASHELLS;4900.0;5
217900;;;BANANAS;SEASHELLS;4902.0;8
218700;;;BERRIES;SEASHELLS;3976.0;11
218900;;;DIVING_GEAR;SEASHELLS;99482.0;3
219300;;;BERRIES;SEASHELLS;3976.0;7
219400;;;PEARLS;SEASHELLS;10004.0;1
219400;;;BANANAS;SEASHELLS;4899.0;1
219400;;;BANANAS;SEASHELLS;4901.0;1
219500;;;COCONUTS;SEASHELLS;8080.0;15
219600;;;BANANAS;SEASHELLS;4899.0;1
220100;;;BANANAS;SEASHELLS;4900.0;12
220200;;;COCONUTS;SEASHELLS;8086.0;47
220200;;;COCONUTS;SEASHELLS;8086.0;14
220400;;;PINA_COLADAS;SEASHELLS;15183.0;5
220400;;;BERRIES;SEASHELLS;3970.0;10
220800;;;COCONUTS;SEASHELLS;8087.0;6
220900;;;DIVING_GEAR;SEASHELLS;99458.0;2
221100;;;BANANAS;SEASHELLS;4898.0;1
221100;;;BERRIES;SEASHELLS;3976.0;6
221100;;;PEARLS;SEASHELLS;10002.0;1
221200;;;PEARLS;SEASHELLS;10002.0;1
221200;;;BANANAS;SEASHELLS;4894.0;1
221600;;;DIVING_GEAR;SEASHELLS;99451.0;3
221800;;;COCONUTS;SEASHELLS;8090.0;10
222200;;;PEARLS;SEASHELLS;9998.0;2
222500;;;PINA_COLADAS;SEASHELLS;15176.0;5
222800;;;PINA_COLADAS;SEASHELLS;15172.0;11
222800;;;BANANAS;SEASHELLS;4900.0;1
223000;;;BANANAS;SEASHELLS;4895.0;1
223100;;;PEARLS;SEASHELLS;9998.0;2
223200;;;DIVING_GEAR;SEASHELLS;99473.0;3
223300;;;BERRIES;SEASHELLS;3971.0;2
223400;;;BANANAS;SEASHELLS;4902.0;7
223600;;;PEARLS;SEASHELLS;10002.0;1
223700;;;PEARLS;SEASHELLS;10005.0;1
223700;;;BANANAS;SEASHELLS;4903.0;1
223800;;;PEARLS;SEASHELLS;10002.0;1
223800;;;BANANAS;SEASHELLS;4897.0;1
224100;;;COCONUTS;SEASHELLS;8088.0;10
224500;;;DIVING_GEAR;SEASHELLS;99466.0;2
224500;;;PEARLS;SEASHELLS;10002.0;1
224600;;;PEARLS;SEASHELLS;10004.0;1
224600;;;BANANAS;SEASHELLS;4903.0;1
224600;;;PEARLS;SEASHELLS;10005.0;1
225000;;;PEARLS;SEASHELLS;9996.0;1
225600;;;BANANAS;SEASHELLS;4894.0;2
225700;;;BERRIES;SEASHELLS;3963.0;10
225700;;;PEARLS;SEASHELLS;10002.0;1
225700;;;BANANAS;SEASHELLS;4895.0;1
225800;;;COCONUTS;SEASHELLS;8085.0;20
226100;;;BERRIES;SEASHELLS;3963.0;14
226100;;;PEARLS;SEASHELLS;9998.0;1
226100;;;PEARLS;SEASHELLS;9998.0;4
226300;;;DIVING_GEAR;SEASHELLS;99471.0;2
226300;;;DIVING_GEAR;SEASHELLS;99471.0;3
226700;;;BANANAS;SEASHELLS;4899.0;13
226700;;;BANANAS;SEASHELLS;4893.0;2
226700;;;PEARLS;SEASHELLS;9998.0;2
227300;;;PEARLS;SEASHELLS;9998.0;1
227500;;;DIVING_GEAR;SEASHELLS;99482.0;2
227700;;;BANANAS;SEASHELLS;4895.0;6
227700;;;PEARLS;SEASHELLS;9996.0;1
227700;;;BANANAS;SEASHELLS;4893.0;1
227900;;;DIVING_GEAR;SEASHELLS;99485.0;3
228000;;;DIVING_GEAR;SEASHELLS;99485.0;3
228400;;;BANANAS;SEASHELLS;4892.0;1
228800;;;DIVING_GEAR;SEASHELLS;99490.0;3
228800;;;BANANAS;SEASHELLS;4896.0;2
228900;;;BANANAS;SEASHELLS;4896.0;5
229100;;;BERRIES;SEASHELLS;3968.0;5
229400;;;PEARLS;SEASHELLS;9998.0;1
229600;;;PEARLS;SEASHELLS;10002.0;1
229700;;;BANANAS;SEASHELLS;4896.0;1
229700;;;BERRIES;SEASHELLS;3967.0;11
229800;;;DIVING_GEAR;SEASHELLS;99479.0;1
230000;;;BANANAS;SEASHELLS;4891.0;1
230100;;;BANANAS;SEASHELLS;4892.0;1
230300;;;PEARLS;SEASHELLS;9996.0;1
230300;;;PEARLS;SEASHELLS;9996.0;9
230300;;;COCONUTS;SEASHELLS;8088.0;5
230400;;;PEARLS;SEASHELLS;10002.0;1
230400;;;BANANAS;SEASHELLS;4897.0;1
230500;;;BANANAS;SEASHELLS;4893.0;1
230600;;;DIVING_GEAR;SEASHELLS;99478.0;3
230700;;;BANANAS;SEASHELLS;4900.0;6
230900;;;PEARLS;SEASHELLS;10004.0;1
230900;;;PINA_COLADAS;SEASHELLS;15148.0;20
230900;;;BANANAS;SEASHELLS;4900.0;1
230900;;;DIVING_GEAR;SEASHELLS;99475.0;3
231100;;;COCONUTS;SEASHELLS;8086.0;8
231300;;;PEARLS;SEASHELLS;9998.0;1
231600;;;BANANAS;SEASHELLS;4894.0;1
231700;;;BANANAS;SEASHELLS;4894.0;1
231700;;;PEARLS;SEASHELLS;10000.0;4
231800;;;DIVING_GEAR;SEASHELLS;99446.0;3
231800;;;PINA_COLADAS;SEASHELLS;15150.0;3
231800;;;DIVING_GEAR;SEASHELLS;99446.0;1
232100;;;DIVING_GEAR;SEASHELLS;99440.0;2
232100;;;PEARLS;SEASHELLS;10002.0;1
232200;;;BANANAS;SEASHELLS;4900.0;12
232200;;;DIVING_GEAR;SEASHELLS;99439.0;1
232300;;;COCONUTS;SEASHELLS;8085.0;21
232300;;;BANANAS;SEASHELLS;4898.0;1
232300;;;PEARLS;SEASHELLS;10002.0;1
232400;;;PINA_COLADAS;SEASHELLS;15142.0;5
232600;;;BERRIES;SEASHELLS;3963.0;1
232600;;;PEARLS;SEASHELLS;9998.0;1
232600;;;BANANAS;SEASHELLS;4899.0;1
232600;;;PEARLS;SEASHELLS;9998.0;2
233000;;;BANANAS;SEASHELLS;4896.0;5
233500;;;BERRIES;SEASHELLS;3963.0;14
233900;;;BANANAS;SEASHELLS;4897.0;1
234100;;;BANANAS;SEASHELLS;4899.0;5
234200;;;BANANAS;SEASHELLS;4892.0;1
234300;;;BERRIES;SEASHELLS;3955.0;9
234300;;;BANANAS;SEASHELLS;4892.0;1
234300;;;PEARLS;SEASHELLS;9995.0;1
234400;;;BANANAS;SEASHELLS;4898.0;2
234500;;;BERRIES;SEASHELLS;3955.0;9
234500;;;PEARLS;SEASHELLS;9998.0;1
234700;;;PEARLS;SEASHELLS;10004.0;1
234700;;;PEARLS;SEASHELLS;10004.0;1
234700;;;BANANAS;SEASHELLS;4899.0;2
234800;;;PINA_COLADAS;SEASHELLS;15143.0;13
234800;;;PEARLS;SEASHELLS;9998.0;1
235200;;;PEARLS;SEASHELLS;9995.0;8
235300;;;BERRIES;SEASHELLS;3955.0;10
235400;;;BANANAS;SEASHELLS;4892.0;7
235400;;;BANANAS;SEASHELLS;4892.0;3
236200;;;PEARLS;SEASHELLS;9998.0;1
236300;;;BANANAS;SEASHELLS;4892.0;15
236400;;;PEARLS;SEASHELLS;9998.0;1
236800;;;PEARLS;SEASHELLS;9998.0;1
237000;;;PEARLS;SEASHELLS;9998.0;1
237000;;;BANANAS;SEASHELLS;4897.0;1
237000;;;PEARLS;SEASHELLS;9998.0;3
237300;;;DIVING_GEAR;SEASHELLS;99465.0;2
237300;;;BANANAS;SEASHELLS;4890.0;1
237300;;;PEARLS;SEASHELLS;9996.0;1
237400;;;BANANAS;SEASHELLS;4890.0;1
237400;;;PEARLS;SEASHELLS;9998.0;1
237700;;;PINA_COLADAS;SEASHELLS;15136.0;3
237700;;;PEARLS;SEASHELLS;9998.0;1
238000;;;BANANAS;SEASHELLS;4891.0;1
238200;;;DIVING_GEAR;SEASHELLS;99470.0;3
238300;;;PEARLS;SEASHELLS;9998.0;5
238700;;;PEARLS;SEASHELLS;10004.0;1
238700;;;BERRIES;SEASHELLS;3969.0;3
238700;;;BANANAS;SEASHELLS;4897.0;1
238700;;;BANANAS;SEASHELLS;4891.0;1
238700;;;PEARLS;SEASHELLS;10002.0;1
239300;;;PEARLS;SEASHELLS;10004.0;1
239300;;;COCONUTS;SEASHELLS;8085.0;6
239300;;;BANANAS;SEASHELLS;4898.0;1
239300;;;PEARLS;SEASHELLS;10004.0;8
239300;;;PEARLS;SEASHELLS;10005.0;1
239600;;;BERRIES;SEASHELLS;3969.0;12
239900;;;BANANAS;SEASHELLS;4897.0;5
240100;;;PEARLS;SEASHELLS;9998.0;3
240100;;;COCONUTS;SEASHELLS;8083.0;12
240200;;;PEARLS;SEASHELLS;10000.0;2
240200;;;DIVING_GEAR;SEASHELLS;99443.0;3
240200;;;PEARLS;SEASHELLS;10002.0;5
240700;;;BANANAS;SEASHELLS;4899.0;1
240900;;;BERRIES;SEASHELLS;3960.0;19
241000;;;PEARLS;SEASHELLS;9998.0;5
241100;;;COCONUTS;SEASHELLS;8083.0;47
241200;;;PEARLS;SEASHELLS;10004.0;6
241200;;;PEARLS;SEASHELLS;10004.0;2
241400;;;PEARLS;SEASHELLS;9998.0;1
241400;;;DIVING_GEAR;SEASHELLS;99436.0;3
242000;;;PEARLS;SEASHELLS;9998.0;1
242400;;;PEARLS;SEASHELLS;10004.0;1
242700;;;BERRIES;SEASHELLS;3968.0;5
243000;;;BANANAS;SEASHELLS;4894.0;1
243500;;;BANANAS;SEASHELLS;4893.0;7
243500;;;PEARLS;SEASHELLS;10002.0;1
243600;;;PEARLS;SEASHELLS;9998.0;1
243900;;;BANANAS;SEASHELLS;4896.0;1
243900;;;PEARLS;SEASHELLS;9998.0;1
243900;;;BANANAS;SEASHELLS;4896.0;4
244100;;;BANANAS;SEASHELLS;4892.0;1
244100;;;PEARLS;SEASHELLS;9996.0;1
244300;;;BANANAS;SEASHELLS;4891.0;1
244400;;;BANANAS;SEASHELLS;4892.0;10
244500;;;BANANAS;SEASHELLS;4892.0;1
245200;;;BANANAS;SEASHELLS;4892.0;1
245300;;;PEARLS;SEASHELLS;10002.0;1
245700;;;BANANAS;SEASHELLS;4892.0;6
246000;;;BANANAS;SEASHELLS;4897.0;1
246200;;;BANANAS;SEASHELLS;4898.0;15
246500;;;COCONUTS;SEASHELLS;8077.0;18
246500;;;DIVING_GEAR;SEASHELLS;99468.0;3
246800;;;PINA_COLADAS;SEASHELLS;15130.0;26
247000;;;PEARLS;SEASHELLS;10002.0;5
247000;;;BANANAS;SEASHELLS;4890.0;1
247000;;;BANANAS;SEASHELLS;4890.0;12
247100;;;DIVING_GEAR;SEASHELLS;99445.0;2
247200;;;BANANAS;SEASHELLS;4895.0;1
247500;;;PEARLS;SEASHELLS;9995.0;8
247600;;;PEARLS;SEASHELLS;9995.0;7
247600;;;PINA_COLADAS;SEASHELLS;15131.0;2
247900;;;BANANAS;SEASHELLS;4888.0;4
248100;;;PEARLS;SEASHELLS;9998.0;2
248100;;;BANANAS;SEASHELLS;4892.0;1
248200;;;DIVING_GEAR;SEASHELLS;99429.0;1
248200;;;BANANAS;SEASHELLS;4887.0;1
248300;;;BERRIES;SEASHELLS;3969.0;1
248300;;;DIVING_GEAR;SEASHELLS;99436.0;2
248400;;;BANANAS;SEASHELLS;4888.0;3
248400;;;BANANAS;SEASHELLS;4888.0;2
248400;;;PEARLS;SEASHELLS;10005.0;2
248700;;;PEARLS;SEASHELLS;10005.0;4
248800;;;BANANAS;SEASHELLS;4887.0;1
248900;;;BANANAS;SEASHELLS;4887.0;1
249000;;;BERRIES;SEASHELLS;3971.0;18
249100;;;PEARLS;SEASHELLS;9998.0;1
249200;;;BANANAS;SEASHELLS;4889.0;3
249400;;;BANANAS;SEASHELLS;4887.0;1
249400;;;PEARLS;SEASHELLS;9998.0;4
249500;;;PEARLS;SEASHELLS;9998.0;1
249600;;;BANANAS;SEASHELLS;4888.0;1
249700;;;PEARLS;SEASHELLS;9996.0;1
249700;;;PEARLS;SEASHELLS;10002.0;1
250000;;;PEARLS;SEASHELLS;10002.0;5
250100;;;DIVING_GEAR;SEASHELLS;99463.0;3
250200;;;PEARLS;SEASHELLS;9995.0;9
250300;;;DIVING_GEAR;SEASHELLS;99471.0;2
250400;;;BANANAS;SEASHELLS;4887.0;2
250400;;;BANANAS;SEASHELLS;4887.0;2
250400;;;PEARLS;SEASHELLS;9998.0;1
250500;;;COCONUTS;SEASHELLS;8083.0;47
250900;;;BERRIES;SEASHELLS;3961.0;10
251000;;;BERRIES;SEASHELLS;3961.0;15
251400;;;BANANAS;SEASHELLS;4892.0;1
251400;;;PINA_COLADAS;SEASHELLS;15131.0;7
251700;;;BANANAS;SEASHELLS;4892.0;1
252000;;;BANANAS;SEASHELLS;4888.0;1
252000;;;PEARLS;SEASHELLS;9998.0;1
252200;;;BANANAS;SEASHELLS;4893.0;1
252600;;;BERRIES;SEASHELLS;3971.0;15
252600;;;BERRIES;SEASHELLS;3971.0;1
252700;;;BANANAS;SEASHELLS;4893.0;1
252800;;;BANANAS;SEASHELLS;4894.0;1
252800;;;PEARLS;SEASHELLS;10004.0;1
253100;;;BANANAS;SEASHELLS;4894.0;1
253100;;;PEARLS;SEASHELLS;10004.0;1
253200;;;PINA_COLADAS;SEASHELLS;15108.0;4
253200;;;COCONUTS;SEASHELLS;8070.0;6
253400;;;BANANAS;SEASHELLS;4888.0;1
253500;;;BERRIES;SEASHELLS;3971.0;7
253600;;;BANANAS;SEASHELLS;4893.0;1
253800;;;PEARLS;SEASHELLS;10002.0;1
254000;;;BANANAS;SEASHELLS;4889.0;1
254100;;;BANANAS;SEASHELLS;4893.0;3
254200;;;PEARLS;SEASHELLS;10004.0;1
254200;;;PEARLS;SEASHELLS;10004.0;10
254500;;;BERRIES;SEASHELLS;3965.0;8
254800;;;PEARLS;SEASHELLS;9996.0;2
254900;;;PEARLS;SEASHELLS;9998.0;2
255100;;;BANANAS;SEASHELLS;4893.0;1
255100;;;PEARLS;SEASHELLS;9998.0;1
255200;;;PINA_COLADAS;SEASHELLS;15121.0;4
255500;;;BANANAS;SEASHELLS;4895.0;1
255500;;;PEARLS;SEASHELLS;10005.0;1
255500;;;BANANAS;SEASHELLS;4888.0;1
255700;;;PINA_COLADAS;SEASHELLS;15121.0;26
255700;;;DIVING_GEAR;SEASHELLS;99450.0;2
255800;;;PEARLS;SEASHELLS;9998.0;5
255900;;;PEARLS;SEASHELLS;9998.0;1
255900;;;DIVING_GEAR;SEASHELLS;99443.0;3
256000;;;BANANAS;SEASHELLS;4893.0;1
256000;;;PINA_COLADAS;SEASHELLS;15119.0;5
256100;;;PEARLS;SEASHELLS;9998.0;4
256100;;;BANANAS;SEASHELLS;4888.0;1
256200;;;BANANAS;SEASHELLS;4893.0;1
256400;;;BANANAS;SEASHELLS;4888.0;1
256500;;;BANANAS;SEASHELLS;4892.0;1
256600;;;DIVING_GEAR;SEASHELLS;99455.0;2
256900;;;DIVING_GEAR;SEASHELLS;99465.0;2
257000;;;PINA_COLADAS;SEASHELLS;15116.0;10
257100;;;DIVING_GEAR;SEASHELLS;99472.0;3
257200;;;COCONUTS;SEASHELLS;8071.0;11
257200;;;BANANAS;SEASHELLS;4891.0;1
257300;;;DIVING_GEAR;SEASHELLS;99492.0;1
257400;;;PEARLS;SEASHELLS;9998.0;4
257500;;;PEARLS;SEASHELLS;10002.0;1
257800;;;PEARLS;SEASHELLS;9995.0;6
257800;;;BANANAS;SEASHELLS;4895.0;9
257900;;;PEARLS;SEASHELLS;9998.0;1
257900;;;BANANAS;SEASHELLS;4897.0;2
258000;;;PEARLS;SEASHELLS;9998.0;5
258300;;;COCONUTS;SEASHELLS;8072.0;24
258500;;;PEARLS;SEASHELLS;10002.0;2
258500;;;PEARLS;SEASHELLS;10002.0;2
258500;;;BANANAS;SEASHELLS;4897.0;2
258600;;;BERRIES;SEASHELLS;3962.0;15
258600;;;BANANAS;SEASHELLS;4893.0;5
258800;;;BANANAS;SEASHELLS;4900.0;3
258800;;;BANANAS;SEASHELLS;4897.0;3
258800;;;PINA_COLADAS;SEASHELLS;15117.0;6
258900;;;PEARLS;SEASHELLS;10002.0;1
258900;;;BANANAS;SEASHELLS;4893.0;1
259000;;;BANANAS;SEASHELLS;4899.0;2
259000;;;PEARLS;SEASHELLS;10004.0;2
259100;;;DIVING_GEAR;SEASHELLS;99504.0;3
259400;;;BANANAS;SEASHELLS;4892.0;1
259600;;;COCONUTS;SEASHELLS;8067.0;22
259600;;;COCONUTS;SEASHELLS;8067.0;52
259700;;;COCONUTS;SEASHELLS;8067.0;42
259700;;;COCONUTS;SEASHELLS;8067.0;12
259700;;;BANANAS;SEASHELLS;4891.0;1
259800;;;COCONUTS;SEASHELLS;8066.0;6
259900;;;DIVING_GEAR;SEASHELLS;99482.0;2
260300;;;PEARLS;SEASHELLS;10002.0;1
260300;;;BERRIES;SEASHELLS;3972.0;11
260700;;;PEARLS;SEASHELLS;9998.0;1
260700;;;BANANAS;SEASHELLS;4892.0;1
260800;;;BANANAS;SEASHELLS;4897.0;1
261000;;;DIVING_GEAR;SEASHELLS;99487.0;3
261300;;;BERRIES;SEASHELLS;3975.0;11
261400;;;BANANAS;SEASHELLS;4892.0;1
261600;;;PEARLS;SEASHELLS;9998.0;5
261800;;;BANANAS;SEASHELLS;4891.0;1
261800;;;PEARLS;SEASHELLS;9995.0;1
262100;;;PEARLS;SEASHELLS;10002.0;1
262100;;;BANANAS;SEASHELLS;4891.0;1
262600;;;DIVING_GEAR;SEASHELLS;99474.0;3
262700;;;BANANAS;SEASHELLS;4890.0;1
262700;;;BANANAS;SEASHELLS;4892.0;2
262700;;;DIVING_GEAR;SEASHELLS;99476.0;1
263100;;;BANANAS;SEASHELLS;4890.0;10
263200;;;PEARLS;SEASHELLS;10004.0;2
263300;;;BERRIES;SEASHELLS;3977.0;13
263300;;;BANANAS;SEASHELLS;4890.0;1
263300;;;PEARLS;SEASHELLS;9998.0;2
263300;;;BANANAS;SEASHELLS;4890.0;6
263300;;;PEARLS;SEASHELLS;9998.0;1
263300;;;BANANAS;SEASHELLS;4890.0;2
263900;;;PEARLS;SEASHELLS;10002.0;1
263900;;;PEARLS;SEASHELLS;10002.0;4
264100;;;PEARLS;SEASHELLS;10005.0;2
264100;;;BANANAS;SEASHELLS;4897.0;2
264500;;;PEARLS;SEASHELLS;9998.0;1
264500;;;DIVING_GEAR;SEASHELLS;99519.0;3
264700;;;PEARLS;SEASHELLS;9998.0;1
264700;;;BERRIES;SEASHELLS;3978.0;16
264700;;;PEARLS;SEASHELLS;9998.0;4
264800;;;PEARLS;SEASHELLS;10004.0;2
264800;;;BERRIES;SEASHELLS;3977.0;20
264900;;;BERRIES;SEASHELLS;3969.0;4
264900;;;COCONUTS;SEASHELLS;8066.0;47
265200;;;BANANAS;SEASHELLS;4895.0;1
265600;;;PEARLS;SEASHELLS;9998.0;1
265800;;;BANANAS;SEASHELLS;4895.0;1
265900;;;PEARLS;SEASHELLS;9995.0;4
266000;;;PEARLS;SEASHELLS;9998.0;1
266600;;;BANANAS;SEASHELLS;4895.0;1
266700;;;PEARLS;SEASHELLS;10005.0;2
266700;;;BANANAS;SEASHELLS;4897.0;2
266900;;;DIVING_GEAR;SEASHELLS;99568.0;3
267100;;;PEARLS;SEASHELLS;10002.0;2
267400;;;COCONUTS;SEASHELLS;8061.0;29
267800;;;BANANAS;SEASHELLS;4893.0;1
267900;;;PEARLS;SEASHELLS;10004.0;1
267900;;;PEARLS;SEASHELLS;10004.0;4
267900;;;DIVING_GEAR;SEASHELLS;99591.0;3
268200;;;BANANAS;SEASHELLS;4898.0;2
268200;;;PEARLS;SEASHELLS;10005.0;2
268200;;;BANANAS;SEASHELLS;4891.0;1
268300;;;BANANAS;SEASHELLS;4892.0;1
268300;;;BANANAS;SEASHELLS;4891.0;1
268300;;;PEARLS;SEASHELLS;9995.0;1
268400;;;PINA_COLADAS;SEASHELLS;15076.0;5
268400;;;BANANAS;SEASHELLS;4896.0;1
268500;;;BANANAS;SEASHELLS;4891.0;1
268600;;;PINA_COLADAS;SEASHELLS;15073.0;25
269100;;;DIVING_GEAR;SEASHELLS;99550.0;3
269200;;;BANANAS;SEASHELLS;4895.0;1
269300;;;DIVING_GEAR;SEASHELLS;99555.0;1
269400;;;BANANAS;SEASHELLS;4890.0;1
269400;;;BERRIES;SEASHELLS;3968.0;10
269500;;;BANANAS;SEASHELLS;4891.0;4
269700;;;BANANAS;SEASHELLS;4895.0;1
270100;;;BERRIES;SEASHELLS;3969.0;2
270100;;;PEARLS;SEASHELLS;9996.0;2
270100;;;PEARLS;SEASHELLS;9998.0;1
270100;;;PEARLS;SEASHELLS;9996.0;4
270300;;;DIVING_GEAR;SEASHELLS;99553.0;2
270500;;;COCONUTS;SEASHELLS;8062.0;23
270500;;;BANANAS;SEASHELLS;4896.0;1
270500;;;PEARLS;SEASHELLS;10002.0;1
270600;;;BERRIES;SEASHELLS;3976.0;1
271400;;;PEARLS;SEASHELLS;10002.0;1
271500;;;PEARLS;SEASHELLS;10005.0;6
271500;;;BERRIES;SEASHELLS;3964.0;15
271600;;;BANANAS;SEASHELLS;4890.0;5
271900;;;BERRIES;SEASHELLS;3964.0;7
272500;;;PEARLS;SEASHELLS;9996.0;2
272500;;;BANANAS;SEASHELLS;4889.0;2
272900;;;BANANAS;SEASHELLS;4888.0;1
273100;;;PEARLS;SEASHELLS;10002.0;2
273500;;;PEARLS;SEASHELLS;9995.0;10
273500;;;PEARLS;SEASHELLS;10002.0;1
273700;;;PEARLS;SEASHELLS;10004.0;1
273900;;;COCONUTS;SEASHELLS;8070.0;7
274000;;;PEARLS;SEASHELLS;9996.0;1
274300;;;BANANAS;SEASHELLS;4896.0;1
274300;;;PEARLS;SEASHELLS;10004.0;1
274600;;;DIVING_GEAR;SEASHELLS;99513.0;3
274700;;;DIVING_GEAR;SEASHELLS;99506.0;3
274900;;;PEARLS;SEASHELLS;9996.0;2
274900;;;BANANAS;SEASHELLS;4890.0;2
275200;;;DIVING_GEAR;SEASHELLS;99511.0;2
275500;;;PEARLS;SEASHELLS;9996.0;1
275600;;;DIVING_GEAR;SEASHELLS;99489.0;1
275600;;;PEARLS;SEASHELLS;9998.0;1
275700;;;BANANAS;SEASHELLS;4892.0;4
275700;;;PEARLS;SEASHELLS;9998.0;1
276000;;;BANANAS;SEASHELLS;4891.0;4
276300;;;BANANAS;SEASHELLS;4897.0;1
276300;;;PEARLS;SEASHELLS;10004.0;1
276300;;;BERRIES;SEASHELLS;3963.0;18
276600;;;PINA_COLADAS;SEASHELLS;15110.0;10
277600;;;BERRIES;SEASHELLS;3965.0;10
277600;;;BANANAS;SEASHELLS;4889.0;1
277800;;;PEARLS;SEASHELLS;10002.0;1
278000;;;PEARLS;SEASHELLS;9996.0;1
278000;;;BANANAS;SEASHELLS;4890.0;1
278100;;;BANANAS;SEASHELLS;4890.0;1
278100;;;DIVING_GEAR;SEASHELLS;99495.0;2
278400;;;BERRIES;SEASHELLS;3967.0;16
278400;;;DIVING_GEAR;SEASHELLS;99489.0;3
278500;;;BERRIES;SEASHELLS;3968.0;14
278500;;;BANANAS;SEASHELLS;4895.0;1
278700;;;BANANAS;SEASHELLS;4895.0;1
278700;;;PEARLS;SEASHELLS;10002.0;1
278700;;;PEARLS;SEASHELLS;10002.0;1
279000;;;BANANAS;SEASHELLS;4891.0;1
279000;;;COCONUTS;SEASHELLS;8081.0;11
279300;;;BANANAS;SEASHELLS;4889.0;1
279500;;;BANANAS;SEASHELLS;4889.0;9
279500;;;COCONUTS;SEASHELLS;8081.0;58
279600;;;PEARLS;SEASHELLS;10002.0;1
279600;;;BANANAS;SEASHELLS;4890.0;1
279800;;;BERRIES;SEASHELLS;3973.0;8
279900;;;DIVING_GEAR;SEASHELLS;99497.0;2
279900;;;BERRIES;SEASHELLS;3973.0;12
280000;;;PEARLS;SEASHELLS;9996.0;1
280000;;;PEARLS;SEASHELLS;9996.0;1
280200;;;BANANAS;SEASHELLS;4896.0;1
280200;;;COCONUTS;SEASHELLS;8081.0;6
280500;;;PEARLS;SEASHELLS;9996.0;1
280500;;;BANANAS;SEASHELLS;4891.0;1
280500;;;BANANAS;SEASHELLS;4891.0;2
280700;;;BANANAS;SEASHELLS;4896.0;1
280800;;;COCONUTS;SEASHELLS;8079.0;5
280800;;;PEARLS;SEASHELLS;10002.0;1
280800;;;PEARLS;SEASHELLS;10002.0;1
281200;;;PEARLS;SEASHELLS;9998.0;4
281200;;;PEARLS;SEASHELLS;9998.0;3
281200;;;BERRIES;SEASHELLS;3961.0;10
281200;;;COCONUTS;SEASHELLS;8077.0;9
281300;;;BANANAS;SEASHELLS;4896.0;1
281400;;;BANANAS;SEASHELLS;4892.0;5
281500;;;DIVING_GEAR;SEASHELLS;99486.0;3
281700;;;PEARLS;SEASHELLS;10004.0;1
281700;;;BANANAS;SEASHELLS;4898.0;1
282100;;;BANANAS;SEASHELLS;4891.0;1
282600;;;COCONUTS;SEASHELLS;8074.0;15
282800;;;PEARLS;SEASHELLS;9998.0;1
282900;;;BANANAS;SEASHELLS;4896.0;1
283300;;;BANANAS;SEASHELLS;4892.0;2
283400;;;BANANAS;SEASHELLS;4891.0;1
283500;;;PINA_COLADAS;SEASHELLS;15094.0;5
283600;;;BANANAS;SEASHELLS;4891.0;1
283600;;;BANANAS;SEASHELLS;4894.0;2
283600;;;PEARLS;SEASHELLS;10004.0;2
283700;;;BANANAS;SEASHELLS;4896.0;1
283900;;;BANANAS;SEASHELLS;4891.0;1
284600;;;BERRIES;SEASHELLS;3973.0;3
284700;;;BANANAS;SEASHELLS;4892.0;2
284700;;;PEARLS;SEASHELLS;9996.0;2
284800;;;BANANAS;SEASHELLS;4892.0;1
285000;;;PEARLS;SEASHELLS;9996.0;1
285200;;;COCONUTS;SEASHELLS;8070.0;59
285500;;;BANANAS;SEASHELLS;4892.0;1
285600;;;BANANAS;SEASHELLS;4892.0;2
285700;;;BANANAS;SEASHELLS;4892.0;1
285800;;;DIVING_GEAR;SEASHELLS;99456.0;1
285900;;;BERRIES;SEASHELLS;3973.0;15
285900;;;BANANAS;SEASHELLS;4891.0;14
286000;;;COCONUTS;SEASHELLS;8070.0;8
286000;;;BERRIES;SEASHELLS;3974.0;15
286100;;;BANANAS;SEASHELLS;4892.0;12
286100;;;BANANAS;SEASHELLS;4892.0;1
286200;;;COCONUTS;SEASHELLS;8070.0;8
286300;;;BANANAS;SEASHELLS;4898.0;11
286300;;;PINA_COLADAS;SEASHELLS;15092.0;13
286400;;;BANANAS;SEASHELLS;4898.0;1
286400;;;PEARLS;SEASHELLS;10004.0;1
286500;;;COCONUTS;SEASHELLS;8070.0;67
286500;;;BANANAS;SEASHELLS;4897.0;1
286600;;;BANANAS;SEASHELLS;4898.0;1
286600;;;PEARLS;SEASHELLS;10004.0;1
286800;;;PEARLS;SEASHELLS;9998.0;1
286800;;;BERRIES;SEASHELLS;3967.0;6
286900;;;BANANAS;SEASHELLS;4896.0;2
287000;;;BANANAS;SEASHELLS;4897.0;1
287200;;;PEARLS;SEASHELLS;10002.0;1
287300;;;BANANAS;SEASHELLS;4891.0;1
287500;;;BANANAS;SEASHELLS;4892.0;1
287800;;;PINA_COLADAS;SEASHELLS;15095.0;4
289000;;;BERRIES;SEASHELLS;3975.0;11
289000;;;DIVING_GEAR;SEASHELLS;99451.0;3
289300;;;COCONUTS;SEASHELLS;8069.0;10
289900;;;BANANAS;SEASHELLS;4890.0;2
289900;;;PEARLS;SEASHELLS;10005.0;2
289900;;;PEARLS;SEASHELLS;9995.0;2
290200;;;BANANAS;SEASHELLS;4896.0;1
290200;;;BANANAS;SEASHELLS;4895.0;3
290200;;;DIVING_GEAR;SEASHELLS;99455.0;1
290300;;;BANANAS;SEASHELLS;4897.0;15
290400;;;BANANAS;SEASHELLS;4896.0;1
290400;;;PEARLS;SEASHELLS;10005.0;1
290400;;;PEARLS;SEASHELLS;10004.0;2
290400;;;PEARLS;SEASHELLS;10004.0;6
290800;;;PEARLS;SEASHELLS;9998.0;1
290900;;;PEARLS;SEASHELLS;9996.0;1
290900;;;BANANAS;SEASHELLS;4890.0;1
291000;;;BERRIES;SEASHELLS;3969.0;12
291000;;;BANANAS;SEASHELLS;4889.0;8
291200;;;BANANAS;SEASHELLS;4890.0;8
291200;;;PEARLS;SEASHELLS;9998.0;1
291400;;;BANANAS;SEASHELLS;4889.0;1
291500;;;PEARLS;SEASHELLS;9995.0;7
291600;;;PEARLS;SEASHELLS;10004.0;2
291800;;;BERRIES;SEASHELLS;3969.0;17
292100;;;DIVING_GEAR;SEASHELLS;99427.0;3
292500;;;PEARLS;SEASHELLS;9998.0;1
292600;;;BANANAS;SEASHELLS;4896.0;1
292600;;;PEARLS;SEASHELLS;10004.0;1
292800;;;PEARLS;SEASHELLS;10002.0;1
292800;;;BANANAS;SEASHELLS;4895.0;1
292900;;;PEARLS;SEASHELLS;10004.0;2
293100;;;BANANAS;SEASHELLS;4895.0;1
293400;;;DIVING_GEAR;SEASHELLS;99452.0;1
293500;;;PEARLS;SEASHELLS;10000.0;1
293500;;;BANANAS;SEASHELLS;4897.0;1
293700;;;BANANAS;SEASHELLS;4896.0;11
293800;;;BANANAS;SEASHELLS;4892.0;1
293900;;;PEARLS;SEASHELLS;9998.0;1
293900;;;BANANAS;SEASHELLS;4897.0;1
294300;;;PEARLS;SEASHELLS;9996.0;1
294300;;;BANANAS;SEASHELLS;4893.0;2
294400;;;DIVING_GEAR;SEASHELLS;99476.0;2
294400;;;PEARLS;SEASHELLS;10005.0;3
294500;;;PEARLS;SEASHELLS;9998.0;1
294700;;;BERRIES;SEASHELLS;3966.0;12
294800;;;BERRIES;SEASHELLS;3973.0;11
294800;;;BANANAS;SEASHELLS;4895.0;5
294900;;;BANANAS;SEASHELLS;4900.0;20
295400;;;BERRIES;SEASHELLS;3966.0;1
296100;;;DIVING_GEAR;SEASHELLS;99434.0;2
296200;;;PINA_COLADAS;SEASHELLS;15073.0;3
296300;;;DIVING_GEAR;SEASHELLS;99450.0;1
296400;;;PEARLS;SEASHELLS;9998.0;5
296600;;;DIVING_GEAR;SEASHELLS;99456.0;3
296800;;;PEARLS;SEASHELLS;10002.0;5
297000;;;DIVING_GEAR;SEASHELLS;99465.0;1
297100;;;PEARLS;SEASHELLS;10004.0;1
297100;;;BANANAS;SEASHELLS;4897.0;1
297600;;;BANANAS;SEASHELLS;4890.0;2
297600;;;PEARLS;SEASHELLS;10002.0;2
297800;;;BERRIES;SEASHELLS;3964.0;1
298400;;;PEARLS;SEASHELLS;9998.0;1
298800;;;BANANAS;SEASHELLS;4891.0;9
298900;;;PEARLS;SEASHELLS;9995.0;1
298900;;;BANANAS;SEASHELLS;4890.0;1
299000;;;BERRIES;SEASHELLS;3970.0;9
299000;;;COCONUTS;SEASHELLS;8062.0;10
299200;;;PEARLS;SEASHELLS;9996.0;2
299200;;;PEARLS;SEASHELLS;9996.0;10
299400;;;BANANAS;SEASHELLS;4890.0;2
299400;;;BANANAS;SEASHELLS;4890.0;1
299400;;;PEARLS;SEASHELLS;9996.0;1
299400;;;COCONUTS;SEASHELLS;8062.0;49
299600;;;BANANAS;SEASHELLS;4890.0;1
299800;;;PEARLS;SEASHELLS;9998.0;1
299800;;;BANANAS;SEASHELLS;4896.0;1
299800;;;PEARLS;SEASHELLS;10004.0;1
299900;;;BANANAS;SEASHELLS;4890.0;1
299900;;;PEARLS;SEASHELLS;9996.0;1
300300;;;BANANAS;SEASHELLS;4895.0;1
300400;;;PEARLS;SEASHELLS;9995.0;2
300400;;;BANANAS;SEASHELLS;4890.0;1
300400;;;BANANAS;SEASHELLS;4890.0;2
300800;;;BANANAS;SEASHELLS;4891.0;1
301000;;;COCONUTS;SEASHELLS;8056.0;7
301100;;;DIVING_GEAR;SEASHELLS;99384.0;2
301100;;;COCONUTS;SEASHELLS;8058.0;10
301200;;;PEARLS;SEASHELLS;10004.0;1
301200;;;BANANAS;SEASHELLS;4897.0;2
301200;;;BANANAS;SEASHELLS;4896.0;1
301200;;;PEARLS;SEASHELLS;10004.0;1
301500;;;DIVING_GEAR;SEASHELLS;99398.0;3
301700;;;BANANAS;SEASHELLS;4892.0;2
301700;;;BANANAS;SEASHELLS;4892.0;18
301900;;;PEARLS;SEASHELLS;10002.0;1
302100;;;PEARLS;SEASHELLS;9998.0;1
302400;;;BANANAS;SEASHELLS;4890.0;1
302600;;;PEARLS;SEASHELLS;9998.0;1
302700;;;BANANAS;SEASHELLS;4894.0;5
302700;;;PEARLS;SEASHELLS;9998.0;1
303000;;;DIVING_GEAR;SEASHELLS;99382.0;3
303000;;;BANANAS;SEASHELLS;4890.0;3
303000;;;COCONUTS;SEASHELLS;8057.0;65
303000;;;PEARLS;SEASHELLS;9998.0;5
303100;;;BANANAS;SEASHELLS;4890.0;1
303100;;;PEARLS;SEASHELLS;9998.0;1
303100;;;BERRIES;SEASHELLS;3961.0;1
303200;;;DIVING_GEAR;SEASHELLS;99386.0;1
303300;;;BANANAS;SEASHELLS;4894.0;9
303300;;;BANANAS;SEASHELLS;4894.0;4
303400;;;DIVING_GEAR;SEASHELLS;99385.0;1
303400;;;PINA_COLADAS;SEASHELLS;15080.0;5
303700;;;BERRIES;SEASHELLS;3964.0;9
303900;;;PEARLS;SEASHELLS;9998.0;1
304100;;;DIVING_GEAR;SEASHELLS;99383.0;3
304200;;;COCONUTS;SEASHELLS;8061.0;25
304400;;;BANANAS;SEASHELLS;4895.0;1
304600;;;BANANAS;SEASHELLS;4896.0;1
304600;;;BERRIES;SEASHELLS;3971.0;8
304800;;;DIVING_GEAR;SEASHELLS;99381.0;2
305000;;;COCONUTS;SEASHELLS;8058.0;10
305100;;;PEARLS;SEASHELLS;10002.0;1
305200;;;PEARLS;SEASHELLS;10002.0;1
305300;;;PEARLS;SEASHELLS;9998.0;5
305700;;;BANANAS;SEASHELLS;4896.0;1
305900;;;BANANAS;SEASHELLS;4897.0;1
305900;;;PEARLS;SEASHELLS;9996.0;1
306100;;;PEARLS;SEASHELLS;10004.0;1
306100;;;BANANAS;SEASHELLS;4897.0;1
306100;;;PEARLS;SEASHELLS;10005.0;1
306500;;;PEARLS;SEASHELLS;9996.0;2
306800;;;BANANAS;SEASHELLS;4896.0;2
307000;;;PEARLS;SEASHELLS;9998.0;3
307100;;;BANANAS;SEASHELLS;4891.0;1
307200;;;BANANAS;SEASHELLS;4891.0;2
307200;;;PEARLS;SEASHELLS;9995.0;2
307400;;;BERRIES;SEASHELLS;3967.0;12
307500;;;BERRIES;SEASHELLS;3967.0;3
307500;;;BANANAS;SEASHELLS;4897.0;1
307700;;;BANANAS;SEASHELLS;4892.0;1
308500;;;BANANAS;SEASHELLS;4898.0;1
308500;;;PEARLS;SEASHELLS;9995.0;1
308500;;;DIVING_GEAR;SEASHELLS;99428.0;3
308600;;;DIVING_GEAR;SEASHELLS;99425.0;1
308600;;;PEARLS;SEASHELLS;9998.0;1
308600;;;COCONUTS;SEASHELLS;8062.0;44
308600;;;COCONUTS;SEASHELLS;8062.0;30
308600;;;BANANAS;SEASHELLS;4893.0;1
308700;;;BANANAS;SEASHELLS;4893.0;5
308700;;;BANANAS;SEASHELLS;4893.0;1
308700;;;BANANAS;SEASHELLS;4894.0;4
308800;;;BANANAS;SEASHELLS;4897.0;3
308800;;;BANANAS;SEASHELLS;4897.0;6
308900;;;BERRIES;SEASHELLS;3969.0;3
309000;;;BANANAS;SEASHELLS;4892.0;1
309200;;;DIVING_GEAR;SEASHELLS;99433.0;3
309200;;;BERRIES;SEASHELLS;3963.0;12
309300;;;PEARLS;SEASHELLS;9998.0;1
309400;;;PEARLS;SEASHELLS;10002.0;1
309400;;;BANANAS;SEASHELLS;4897.0;1
309600;;;COCONUTS;SEASHELLS;8067.0;7
309800;;;PEARLS;SEASHELLS;10002.0;1
310000;;;PEARLS;SEASHELLS;10002.0;1
310000;;;BANANAS;SEASHELLS;4897.0;9
310500;;;DIVING_GEAR;SEASHELLS;99439.0;2
310500;;;PEARLS;SEASHELLS;9998.0;1
310800;;;BANANAS;SEASHELLS;4898.0;1
310900;;;BANANAS;SEASHELLS;4893.0;1
310900;;;BERRIES;SEASHELLS;3964.0;5
311000;;;PEARLS;SEASHELLS;9998.0;1
311100;;;BANANAS;SEASHELLS;4898.0;1
311200;;;COCONUTS;SEASHELLS;8062.0;19
311700;;;BANANAS;SEASHELLS;4893.0;1
311800;;;PEARLS;SEASHELLS;10002.0;1
311800;;;BANANAS;SEASHELLS;4898.0;5
311900;;;DIVING_GEAR;SEASHELLS;99452.0;2
312000;;;COCONUTS;SEASHELLS;8064.0;50
312300;;;PEARLS;SEASHELLS;9996.0;1
312300;;;BANANAS;SEASHELLS;4896.0;2
312400;;;PEARLS;SEASHELLS;9998.0;1
313100;;;BANANAS;SEASHELLS;4893.0;3
313500;;;PEARLS;SEASHELLS;10004.0;2
313500;;;PEARLS;SEASHELLS;10004.0;6
314200;;;PEARLS;SEASHELLS;9996.0;1
314200;;;BANANAS;SEASHELLS;4892.0;8
314200;;;DIVING_GEAR;SEASHELLS;99457.0;1
314200;;;BANANAS;SEASHELLS;4891.0;2
314300;;;BANANAS;SEASHELLS;4896.0;1
314400;;;BANANAS;SEASHELLS;4891.0;1
314400;;;PEARLS;SEASHELLS;9996.0;1
314800;;;PEARLS;SEASHELLS;10002.0;4
314900;;;PEARLS;SEASHELLS;9996.0;1
314900;;;BANANAS;SEASHELLS;4891.0;1
314900;;;DIVING_GEAR;SEASHELLS;99473.0;3
315000;;;COCONUTS;SEASHELLS;8072.0;29
315100;;;BANANAS;SEASHELLS;4891.0;1
315100;;;PEARLS;SEASHELLS;9998.0;1
315100;;;COCONUTS;SEASHELLS;8072.0;10
315700;;;BANANAS;SEASHELLS;4897.0;1
315800;;;DIVING_GEAR;SEASHELLS;99485.0;2
315800;;;PINA_COLADAS;SEASHELLS;15098.0;11
316000;;;BANANAS;SEASHELLS;4896.0;1
316000;;;DIVING_GEAR;SEASHELLS;99488.0;3
316300;;;BANANAS;SEASHELLS;4897.0;7
316300;;;BANANAS;SEASHELLS;4891.0;1
316400;;;PEARLS;SEASHELLS;10002.0;1
316500;;;BANANAS;SEASHELLS;4891.0;1
316600;;;PEARLS;SEASHELLS;9996.0;2
316600;;;BANANAS;SEASHELLS;4891.0;2
317000;;;PEARLS;SEASHELLS;9998.0;1
317000;;;BANANAS;SEASHELLS;4897.0;1
317200;;;BANANAS;SEASHELLS;4891.0;1
317300;;;PEARLS;SEASHELLS;9998.0;1
317400;;;BANANAS;SEASHELLS;4892.0;1
317500;;;BERRIES;SEASHELLS;3960.0;7
317500;;;BERRIES;SEASHELLS;3961.0;15
317900;;;BANANAS;SEASHELLS;4896.0;1
318500;;;BANANAS;SEASHELLS;4897.0;1
318600;;;PEARLS;SEASHELLS;9996.0;1
318600;;;PEARLS;SEASHELLS;9996.0;1
318600;;;BANANAS;SEASHELLS;4891.0;2
319000;;;BANANAS;SEASHELLS;4895.0;1
319300;;;PEARLS;SEASHELLS;9996.0;1
319500;;;PEARLS;SEASHELLS;10002.0;1
319500;;;PEARLS;SEASHELLS;10002.0;7
320000;;;PEARLS;SEASHELLS;10002.0;1
320000;;;DIVING_GEAR;SEASHELLS;99552.0;3
320100;;;PEARLS;SEASHELLS;10005.0;2
320200;;;PINA_COLADAS;SEASHELLS;15116.0;9
320300;;;PEARLS;SEASHELLS;10002.0;1
320600;;;BANANAS;SEASHELLS;4890.0;1
320600;;;PEARLS;SEASHELLS;9996.0;1
320900;;;DIVING_GEAR;SEASHELLS;99594.0;2
321000;;;BERRIES;SEASHELLS;3969.0;3
321000;;;BANANAS;SEASHELLS;4890.0;1
321200;;;PEARLS;SEASHELLS;9998.0;1
321400;;;PINA_COLADAS;SEASHELLS;15116.0;2
321500;;;PEARLS;SEASHELLS;10002.0;1
321600;;;PEARLS;SEASHELLS;9998.0;1
321700;;;PEARLS;SEASHELLS;10002.0;2
321700;;;BERRIES;SEASHELLS;3970.0;3
321700;;;DIVING_GEAR;SEASHELLS;99629.0;3
322600;;;PEARLS;SEASHELLS;10002.0;1
322700;;;BERRIES;SEASHELLS;3969.0;8
322800;;;BANANAS;SEASHELLS;4895.0;1
322900;;;PEARLS;SEASHELLS;9998.0;2
322900;;;BANANAS;SEASHELLS;4890.0;2
322900;;;PEARLS;SEASHELLS;9998.0;5
322900;;;PEARLS;SEASHELLS;9998.0;1
323000;;;BANANAS;SEASHELLS;4891.0;1
323000;;;BANANAS;SEASHELLS;4891.0;4
323600;;;BANANAS;SEASHELLS;4894.0;1
323700;;;PEARLS;SEASHELLS;10002.0;2
323700;;;BANANAS;SEASHELLS;4895.0;1
324100;;;BANANAS;SEASHELLS;4895.0;2
324100;;;PEARLS;SEASHELLS;10004.0;1
324100;;;PEARLS;SEASHELLS;10004.0;1
324300;;;PINA_COLADAS;SEASHELLS;15103.0;5
324500;;;DIVING_GEAR;SEASHELLS;99594.0;2
324600;;;PEARLS;SEASHELLS;10002.0;1
324800;;;BANANAS;SEASHELLS;4894.0;1
325400;;;BANANAS;SEASHELLS;4888.0;1
325400;;;PEARLS;SEASHELLS;9998.0;1
325500;;;DIVING_GEAR;SEASHELLS;99593.0;2
325600;;;PEARLS;SEASHELLS;10004.0;1
325600;;;BANANAS;SEASHELLS;4894.0;1
325600;;;COCONUTS;SEASHELLS;8074.0;10
325900;;;PINA_COLADAS;SEASHELLS;15104.0;10
326200;;;PEARLS;SEASHELLS;10002.0;1
326200;;;BANANAS;SEASHELLS;4894.0;1
326200;;;PEARLS;SEASHELLS;10004.0;1
326600;;;DIVING_GEAR;SEASHELLS;99586.0;1
326600;;;BANANAS;SEASHELLS;4892.0;6
326600;;;BANANAS;SEASHELLS;4892.0;8
326900;;;BANANAS;SEASHELLS;4888.0;1
326900;;;PEARLS;SEASHELLS;10002.0;2
327100;;;PINA_COLADAS;SEASHELLS;15108.0;21
327300;;;PEARLS;SEASHELLS;10005.0;1
327300;;;BANANAS;SEASHELLS;4894.0;1
327400;;;BANANAS;SEASHELLS;4887.0;2
327400;;;PEARLS;SEASHELLS;10002.0;1
327500;;;BERRIES;SEASHELLS;3974.0;7
327800;;;BANANAS;SEASHELLS;4887.0;1
328000;;;BERRIES;SEASHELLS;3975.0;9
328400;;;BANANAS;SEASHELLS;4893.0;1
328700;;;PEARLS;SEASHELLS;9995.0;2
328700;;;BANANAS;SEASHELLS;4889.0;2
329500;;;PEARLS;SEASHELLS;10005.0;2
329500;;;COCONUTS;SEASHELLS;8069.0;17
329500;;;BANANAS;SEASHELLS;4896.0;2
329700;;;BANANAS;SEASHELLS;4890.0;1
330200;;;BANANAS;SEASHELLS;4896.0;1
330300;;;BANANAS;SEASHELLS;4895.0;2
330300;;;PEARLS;SEASHELLS;10002.0;2
330400;;;BANANAS;SEASHELLS;4891.0;1
330600;;;BANANAS;SEASHELLS;4890.0;1
330800;;;PEARLS;SEASHELLS;10004.0;1
330800;;;BANANAS;SEASHELLS;4896.0;1
330900;;;BANANAS;SEASHELLS;4894.0;1
331000;;;DIVING_GEAR;SEASHELLS;99562.0;1
331000;;;BERRIES;SEASHELLS;3966.0;11
331100;;;BANANAS;SEASHELLS;4889.0;1
331200;;;PEARLS;SEASHELLS;10002.0;1
331200;;;BANANAS;SEASHELLS;4890.0;1
331400;;;PEARLS;SEASHELLS;9998.0;1
331700;;;BERRIES;SEASHELLS;3966.0;4
331800;;;PINA_COLADAS;SEASHELLS;15100.0;20
331800;;;PINA_COLADAS;SEASHELLS;15100.0;19
331800;;;PEARLS;SEASHELLS;10002.0;1
332100;;;PEARLS;SEASHELLS;9998.0;1
332100;;;BANANAS;SEASHELLS;4888.0;1
332300;;;BANANAS;SEASHELLS;4887.0;1
332300;;;BERRIES;SEASHELLS;3965.0;10
332300;;;PEARLS;SEASHELLS;10002.0;1
332400;;;BANANAS;SEASHELLS;4893.0;2
332400;;;PEARLS;SEASHELLS;10005.0;2
332700;;;PEARLS;SEASHELLS;10004.0;2
333300;;;BERRIES;SEASHELLS;3967.0;10
333400;;;COCONUTS;SEASHELLS;8071.0;8
333700;;;BERRIES;SEASHELLS;3966.0;10
333900;;;DIVING_GEAR;SEASHELLS;99547.0;1
334000;;;BANANAS;SEASHELLS;4893.0;1
334300;;;BANANAS;SEASHELLS;4893.0;1
334500;;;BERRIES;SEASHELLS;3965.0;3
335200;;;DIVING_GEAR;SEASHELLS;99569.0;1
335300;;;PINA_COLADAS;SEASHELLS;15097.0;4
335400;;;COCONUTS;SEASHELLS;8066.0;6
335500;;;BANANAS;SEASHELLS;4888.0;4
335500;;;DIVING_GEAR;SEASHELLS;99567.0;3
335600;;;BERRIES;SEASHELLS;3972.0;2
335800;;;PINA_COLADAS;SEASHELLS;15096.0;27
336000;;;BERRIES;SEASHELLS;3972.0;2
336100;;;BANANAS;SEASHELLS;4888.0;1
336100;;;DIVING_GEAR;SEASHELLS;99573.0;2
336400;;;BERRIES;SEASHELLS;3965.0;14
336700;;;BANANAS;SEASHELLS;4892.0;1
336700;;;PEARLS;SEASHELLS;10004.0;1
337000;;;PEARLS;SEASHELLS;9998.0;1
337100;;;PEARLS;SEASHELLS;9998.0;1
337100;;;BERRIES;SEASHELLS;3972.0;11
337700;;;BERRIES;SEASHELLS;3971.0;15
337900;;;BANANAS;SEASHELLS;4893.0;1
338200;;;PEARLS;SEASHELLS;9996.0;1
338200;;;BANANAS;SEASHELLS;4887.0;1
338300;;;COCONUTS;SEASHELLS;8072.0;9
338400;;;DIVING_GEAR;SEASHELLS;99599.0;1
338400;;;PEARLS;SEASHELLS;9998.0;1
338500;;;PINA_COLADAS;SEASHELLS;15109.0;4
338600;;;BANANAS;SEASHELLS;4885.0;2
338900;;;BANANAS;SEASHELLS;4892.0;8
339400;;;BANANAS;SEASHELLS;4891.0;3
339500;;;BANANAS;SEASHELLS;4886.0;11
339700;;;PEARLS;SEASHELLS;9995.0;2
340200;;;BANANAS;SEASHELLS;4890.0;1
340400;;;BERRIES;SEASHELLS;3972.0;13
340400;;;PEARLS;SEASHELLS;9996.0;1
340400;;;BANANAS;SEASHELLS;4888.0;1
340700;;;COCONUTS;SEASHELLS;8081.0;8
341100;;;PEARLS;SEASHELLS;9998.0;1
341300;;;BERRIES;SEASHELLS;3972.0;7
341400;;;BANANAS;SEASHELLS;4893.0;1
341800;;;BANANAS;SEASHELLS;4893.0;11
342000;;;PEARLS;SEASHELLS;10002.0;1
342600;;;DIVING_GEAR;SEASHELLS;99565.0;1
342800;;;PEARLS;SEASHELLS;10004.0;1
342800;;;BANANAS;SEASHELLS;4885.0;1
342800;;;PEARLS;SEASHELLS;10004.0;1
342800;;;PEARLS;SEASHELLS;10004.0;1
342800;;;DIVING_GEAR;SEASHELLS;99572.0;1
342900;;;BANANAS;SEASHELLS;4885.0;1
342900;;;DIVING_GEAR;SEASHELLS;99565.0;3
342900;;;BANANAS;SEASHELLS;4884.0;2
342900;;;PEARLS;SEASHELLS;9996.0;1
343200;;;PEARLS;SEASHELLS;10002.0;3
343300;;;BANANAS;SEASHELLS;4884.0;1
343500;;;BANANAS;SEASHELLS;4884.0;1
343500;;;DIVING_GEAR;SEASHELLS;99564.0;1
343700;;;BANANAS;SEASHELLS;4888.0;3
343700;;;BANANAS;SEASHELLS;4888.0;9
343800;;;BANANAS;SEASHELLS;4888.0;1
344100;;;PEARLS;SEASHELLS;9998.0;1
344100;;;DIVING_GEAR;SEASHELLS;99575.0;3
344300;;;PEARLS;SEASHELLS;10002.0;3
344400;;;PINA_COLADAS;SEASHELLS;15125.0;7
344600;;;DIVING_GEAR;SEASHELLS;99586.0;1
344700;;;BANANAS;SEASHELLS;4885.0;3
344800;;;PEARLS;SEASHELLS;9995.0;5
344900;;;BANANAS;SEASHELLS;4883.0;2
344900;;;PEARLS;SEASHELLS;9995.0;2
345200;;;BANANAS;SEASHELLS;4889.0;1
345300;;;PEARLS;SEASHELLS;9998.0;1
345500;;;BANANAS;SEASHELLS;4889.0;1
345900;;;COCONUTS;SEASHELLS;8073.0;55
346200;;;DIVING_GEAR;SEASHELLS;99562.0;3
346400;;;BANANAS;SEASHELLS;4884.0;1
346600;;;BANANAS;SEASHELLS;4887.0;2
346700;;;BANANAS;SEASHELLS;4887.0;4
346800;;;DIVING_GEAR;SEASHELLS;99577.0;1
346800;;;PEARLS;SEASHELLS;10005.0;5
346900;;;PEARLS;SEASHELLS;9998.0;1
347100;;;BANANAS;SEASHELLS;4887.0;5
347100;;;PEARLS;SEASHELLS;10002.0;1
347300;;;PEARLS;SEASHELLS;10004.0;2
347300;;;DIVING_GEAR;SEASHELLS;99600.0;1
347800;;;COCONUTS;SEASHELLS;8068.0;11
347800;;;DIVING_GEAR;SEASHELLS;99584.0;3
347900;;;PEARLS;SEASHELLS;9995.0;7
348100;;;PEARLS;SEASHELLS;9998.0;5
348900;;;BANANAS;SEASHELLS;4885.0;2
348900;;;DIVING_GEAR;SEASHELLS;99568.0;1
349100;;;DIVING_GEAR;SEASHELLS;99560.0;1
349300;;;BANANAS;SEASHELLS;4891.0;1
349400;;;BANANAS;SEASHELLS;4891.0;1
349700;;;PINA_COLADAS;SEASHELLS;15111.0;12
350300;;;PEARLS;SEASHELLS;10002.0;2
350400;;;BANANAS;SEASHELLS;4888.0;1
350600;;;BANANAS;SEASHELLS;4887.0;16
350900;;;BANANAS;SEASHELLS;4890.0;5
350900;;;BANANAS;SEASHELLS;4893.0;1
351000;;;PEARLS;SEASHELLS;10002.0;1
351300;;;BANANAS;SEASHELLS;4895.0;6
351700;;;PEARLS;SEASHELLS;9998.0;1
351900;;;PEARLS;SEASHELLS;10002.0;1
351900;;;BANANAS;SEASHELLS;4888.0;1
352000;;;BANANAS;SEASHELLS;4893.0;6
352000;;;BANANAS;SEASHELLS;4893.0;6
352200;;;PINA_COLADAS;SEASHELLS;15117.0;6
352400;;;BERRIES;SEASHELLS;3958.0;1
352700;;;DIVING_GEAR;SEASHELLS;99531.0;1
352800;;;COCONUTS;SEASHELLS;8076.0;13
352800;;;PINA_COLADAS;SEASHELLS;15128.0;10
352800;;;PINA_COLADAS;SEASHELLS;15128.0;11
353100;;;PEARLS;SEASHELLS;10002.0;1
353900;;;PEARLS;SEASHELLS;9996.0;1
353900;;;BERRIES;SEASHELLS;3959.0;7
353900;;;BANANAS;SEASHELLS;4887.0;1
354100;;;DIVING_GEAR;SEASHELLS;99517.0;1
354600;;;BANANAS;SEASHELLS;4887.0;1
354800;;;PINA_COLADAS;SEASHELLS;15113.0;24
354900;;;BANANAS;SEASHELLS;4893.0;7
355000;;;BANANAS;SEASHELLS;4892.0;1
355000;;;PEARLS;SEASHELLS;10002.0;1
355100;;;DIVING_GEAR;SEASHELLS;99495.0;1
355300;;;PINA_COLADAS;SEASHELLS;15121.0;12
355400;;;BERRIES;SEASHELLS;3965.0;10
355600;;;BANANAS;SEASHELLS;4887.0;1
355700;;;PEARLS;SEASHELLS;10005.0;4
355800;;;BANANAS;SEASHELLS;4888.0;1
355800;;;BANANAS;SEASHELLS;4888.0;3
355800;;;BANANAS;SEASHELLS;4887.0;1
355900;;;DIVING_GEAR;SEASHELLS;99476.0;3
356600;;;BANANAS;SEASHELLS;4886.0;7
356800;;;BERRIES;SEASHELLS;3964.0;3
356800;;;PEARLS;SEASHELLS;9998.0;4
356800;;;BANANAS;SEASHELLS;4887.0;2
357200;;;PEARLS;SEASHELLS;9998.0;7
357400;;;PEARLS;SEASHELLS;9998.0;1
357600;;;PEARLS;SEASHELLS;9995.0;2
357600;;;BANANAS;SEASHELLS;4890.0;6
357600;;;BANANAS;SEASHELLS;4883.0;2
357900;;;DIVING_GEAR;SEASHELLS;99505.0;1
358000;;;BERRIES;SEASHELLS;3958.0;4
358100;;;COCONUTS;SEASHELLS;8074.0;5
358100;;;BANANAS;SEASHELLS;4884.0;1
358200;;;BANANAS;SEASHELLS;4886.0;8
358300;;;BANANAS;SEASHELLS;4890.0;8
358400;;;BERRIES;SEASHELLS;3960.0;2
358500;;;PEARLS;SEASHELLS;9998.0;1
358500;;;BANANAS;SEASHELLS;4891.0;3
358500;;;DIVING_GEAR;SEASHELLS;99502.0;3
358900;;;PEARLS;SEASHELLS;10002.0;1
358900;;;BANANAS;SEASHELLS;4884.0;1
359100;;;DIVING_GEAR;SEASHELLS;99503.0;1
359100;;;BERRIES;SEASHELLS;3966.0;7
359100;;;PEARLS;SEASHELLS;10004.0;1
359200;;;DIVING_GEAR;SEASHELLS;99506.0;3
359300;;;PEARLS;SEASHELLS;10005.0;1
359300;;;BANANAS;SEASHELLS;4892.0;1
359400;;;BANANAS;SEASHELLS;4886.0;1
359400;;;BANANAS;SEASHELLS;4886.0;1
359600;;;PINA_COLADAS;SEASHELLS;15125.0;2
359700;;;PEARLS;SEASHELLS;10002.0;1
359900;;;PEARLS;SEASHELLS;9996.0;1
359900;;;BANANAS;SEASHELLS;4885.0;2
360000;;;BANANAS;SEASHELLS;4892.0;1
360000;;;PEARLS;SEASHELLS;10005.0;1
360200;;;BERRIES;SEASHELLS;3959.0;15
360300;;;PEARLS;SEASHELLS;10002.0;2
360400;;;BERRIES;SEASHELLS;3959.0;14
360600;;;PEARLS;SEASHELLS;9996.0;3
360600;;;PEARLS;SEASHELLS;9996.0;2
360600;;;BANANAS;SEASHELLS;4886.0;2
360700;;;DIVING_GEAR;SEASHELLS;99506.0;2
361000;;;DIVING_GEAR;SEASHELLS;99490.0;3
361100;;;DIVING_GEAR;SEASHELLS;99492.0;3
361800;;;PEARLS;SEASHELLS;9998.0;1
362000;;;PEARLS;SEASHELLS;9995.0;11
362100;;;PEARLS;SEASHELLS;10002.0;1
362100;;;DIVING_GEAR;SEASHELLS;99457.0;3
362200;;;BERRIES;SEASHELLS;3957.0;3
362300;;;DIVING_GEAR;SEASHELLS;99454.0;3
362400;;;BANANAS;SEASHELLS;4889.0;1
362400;;;BANANAS;SEASHELLS;4889.0;8
362900;;;BANANAS;SEASHELLS;4889.0;1
363100;;;PEARLS;SEASHELLS;9998.0;1
363200;;;PEARLS;SEASHELLS;10005.0;2
363200;;;BANANAS;SEASHELLS;4890.0;2
363300;;;BANANAS;SEASHELLS;4884.0;1
363600;;;BANANAS;SEASHELLS;4883.0;1
363600;;;DIVING_GEAR;SEASHELLS;99459.0;3
363600;;;PEARLS;SEASHELLS;10002.0;4
363600;;;PEARLS;SEASHELLS;10002.0;1
363800;;;BANANAS;SEASHELLS;4888.0;3
363800;;;BANANAS;SEASHELLS;4889.0;1
364000;;;PEARLS;SEASHELLS;10002.0;3
364000;;;BANANAS;SEASHELLS;4889.0;1
364000;;;PEARLS;SEASHELLS;10002.0;1
364000;;;PEARLS;SEASHELLS;10002.0;1
364100;;;PEARLS;SEASHELLS;9998.0;1
364300;;;BANANAS;SEASHELLS;4891.0;1
364400;;;BANANAS;SEASHELLS;4887.0;2
364400;;;PEARLS;SEASHELLS;9998.0;1
364500;;;DIVING_GEAR;SEASHELLS;99484.0;1
364600;;;BERRIES;SEASHELLS;3964.0;10
364900;;;BANANAS;SEASHELLS;4887.0;2
365000;;;PEARLS;SEASHELLS;10002.0;1
365000;;;PEARLS;SEASHELLS;10002.0;4
365100;;;PEARLS;SEASHELLS;9998.0;1
365200;;;BANANAS;SEASHELLS;4893.0;2
365200;;;PEARLS;SEASHELLS;10004.0;2
365400;;;BANANAS;SEASHELLS;4886.0;1
365600;;;PEARLS;SEASHELLS;9998.0;3
365600;;;BANANAS;SEASHELLS;4887.0;1
365600;;;PEARLS;SEASHELLS;10004.0;2
365900;;;PEARLS;SEASHELLS;9996.0;1
365900;;;PEARLS;SEASHELLS;9996.0;3
366000;;;PEARLS;SEASHELLS;10002.0;1
366300;;;BANANAS;SEASHELLS;4887.0;8
366600;;;BERRIES;SEASHELLS;3964.0;12
366700;;;BANANAS;SEASHELLS;4890.0;1
367100;;;BERRIES;SEASHELLS;3962.0;10
367400;;;PEARLS;SEASHELLS;9998.0;1
367400;;;BANANAS;SEASHELLS;4892.0;1
367600;;;DIVING_GEAR;SEASHELLS;99517.0;1
368000;;;BANANAS;SEASHELLS;4887.0;5
368000;;;PEARLS;SEASHELLS;10002.0;1
368300;;;BERRIES;SEASHELLS;3963.0;4
368400;;;COCONUTS;SEASHELLS;8068.0;61
368700;;;PEARLS;SEASHELLS;10002.0;4
368700;;;PEARLS;SEASHELLS;10005.0;1
368700;;;BANANAS;SEASHELLS;4893.0;1
368900;;;PEARLS;SEASHELLS;9998.0;1
369000;;;BANANAS;SEASHELLS;4885.0;1
369100;;;PEARLS;SEASHELLS;9996.0;2
369500;;;BANANAS;SEASHELLS;4885.0;9
369600;;;PEARLS;SEASHELLS;10002.0;4
369700;;;PINA_COLADAS;SEASHELLS;15118.0;26
369700;;;PEARLS;SEASHELLS;9998.0;1
370100;;;BANANAS;SEASHELLS;4890.0;2
370100;;;BANANAS;SEASHELLS;4890.0;2
370200;;;DIVING_GEAR;SEASHELLS;99493.0;1
370200;;;BANANAS;SEASHELLS;4892.0;19
370500;;;BANANAS;SEASHELLS;4886.0;1
370600;;;DIVING_GEAR;SEASHELLS;99503.0;1
370800;;;DIVING_GEAR;SEASHELLS;99519.0;2
370900;;;PEARLS;SEASHELLS;10002.0;6
371200;;;BANANAS;SEASHELLS;4893.0;10
371600;;;PEARLS;SEASHELLS;10002.0;4
371600;;;BERRIES;SEASHELLS;3956.0;4
371600;;;BANANAS;SEASHELLS;4887.0;1
371600;;;PEARLS;SEASHELLS;10002.0;1
372000;;;BANANAS;SEASHELLS;4886.0;1
372200;;;BERRIES;SEASHELLS;3966.0;4
372300;;;BANANAS;SEASHELLS;4887.0;7
372400;;;COCONUTS;SEASHELLS;8067.0;40
372400;;;COCONUTS;SEASHELLS;8067.0;3
372700;;;BANANAS;SEASHELLS;4886.0;2
372800;;;PEARLS;SEASHELLS;10004.0;1
372800;;;BANANAS;SEASHELLS;4886.0;1
372900;;;COCONUTS;SEASHELLS;8064.0;5
372900;;;BANANAS;SEASHELLS;4887.0;1
373200;;;PEARLS;SEASHELLS;9998.0;1
373600;;;BANANAS;SEASHELLS;4887.0;1
373600;;;BANANAS;SEASHELLS;4886.0;1
373600;;;PEARLS;SEASHELLS;9998.0;1
373900;;;PEARLS;SEASHELLS;9998.0;1
373900;;;DIVING_GEAR;SEASHELLS;99525.0;1
373900;;;BERRIES;SEASHELLS;3957.0;5
374100;;;BANANAS;SEASHELLS;4891.0;2
374300;;;BERRIES;SEASHELLS;3957.0;10
374700;;;PEARLS;SEASHELLS;9998.0;1
374800;;;PINA_COLADAS;SEASHELLS;15130.0;4
375100;;;BANANAS;SEASHELLS;4887.0;1
375100;;;BANANAS;SEASHELLS;4887.0;2
375200;;;BERRIES;SEASHELLS;3963.0;3
375400;;;BANANAS;SEASHELLS;4888.0;1
375700;;;BANANAS;SEASHELLS;4894.0;16
375900;;;PEARLS;SEASHELLS;9998.0;1
376000;;;PEARLS;SEASHELLS;9998.0;1
376100;;;PEARLS;SEASHELLS;10002.0;2
376400;;;BANANAS;SEASHELLS;4889.0;1
376400;;;PEARLS;SEASHELLS;10002.0;1
376400;;;PEARLS;SEASHELLS;10002.0;2
376800;;;PEARLS;SEASHELLS;9998.0;1
376800;;;BANANAS;SEASHELLS;4893.0;2
377000;;;PEARLS;SEASHELLS;9998.0;1
377200;;;PEARLS;SEASHELLS;9998.0;1
377400;;;PEARLS;SEASHELLS;10004.0;1
377400;;;BANANAS;SEASHELLS;4892.0;1
377800;;;BANANAS;SEASHELLS;4888.0;5
378000;;;PEARLS;SEASHELLS;9998.0;1
378100;;;COCONUTS;SEASHELLS;8070.0;47
378100;;;COCONUTS;SEASHELLS;8070.0;17
378300;;;BANANAS;SEASHELLS;4891.0;9
378400;;;PEARLS;SEASHELLS;10002.0;1
378400;;;PEARLS;SEASHELLS;10002.0;3
378500;;;BANANAS;SEASHELLS;4891.0;1
378500;;;PEARLS;SEASHELLS;10002.0;1
378600;;;BANANAS;SEASHELLS;4886.0;12
379000;;;COCONUTS;SEASHELLS;8072.0;6
379100;;;BANANAS;SEASHELLS;4891.0;1
379500;;;BANANAS;SEASHELLS;4892.0;1
379500;;;BERRIES;SEASHELLS;3965.0;15
379600;;;BANANAS;SEASHELLS;4888.0;1
379800;;;BANANAS;SEASHELLS;4887.0;1
379800;;;DIVING_GEAR;SEASHELLS;99467.0;3
379900;;;BERRIES;SEASHELLS;3957.0;11
