timestamp;product;bid_price_1;bid_volume_1;bid_price_2;bid_volume_2;bid_price_3;bid_volume_3;ask_price_1;ask_volume_1;ask_price_2;ask_volume_2;ask_price_3;ask_volume_3;mid_price;profit_and_loss
0;BANANAS;4997;26;;;;;5003;26;;;;;5000.0;0.0
100;BANANAS;4997;20;;;;;4998;1;5004.0;20.0;;;4997.5;2.86328125
200;BANANAS;4997;31;;;;;5004;31;;;;;5000.5;2.53662109375
300;BANANAS;4997;27;;;;;5004;27;;;;;5000.5;2.40576171875
400;BANANAS;4997;20;;;;;5002;9;5004.0;20.0;;;4999.5;2.92578125
500;BANANAS;5002;1;4997.0;30.0;;;5004;30;;;;;5003.0;2.56591796875
600;BANANAS;4997;30;;;;;5004;30;;;;;5000.5;2.388671875
700;BANANAS;4998;5;4997.0;28.0;;;5004;28;;;;;5001.0;2.603515625
800;BANANAS;5003;1;4997.0;23.0;;;5004;23;;;;;5003.5;2.37255859375
900;BANANAS;4997;30;;;;;5004;30;;;;;5000.5;2.22802734375
1000;BANANAS;4998;2;4997.0;22.0;;;5004;24;;;;;5001.0;2.11181640625
1100;BANANAS;4998;3;4997.0;25.0;;;5004;26;;;;;5001.0;-0.796875
1200;BANANAS;4999;6;4998.0;28.0;;;5004;1;5005.0;27.0;;;5001.5;-1.2314453125
1300;BANANAS;5000;3;4997.0;23.0;;;5004;23;;;;;5002.0;-0.642578125
1400;BANANAS;4997;26;;;;;5004;26;;;;;5000.5;-5.8046875
1500;BANANAS;4997;27;;;;;5004;27;;;;;5000.5;-39.6953125
1600;BANANAS;4998;1;4997.0;23.0;;;5004;24;;;;;5001.0;-41.015625
1700;BANANAS;4997;28;;;;;5002;6;5004.0;28.0;;;4999.5;-41.3203125
1800;BANANAS;5003;1;4998.0;10.0;4997.0;24.0;5004;24;;;;;5003.5;-38.96875
1900;BANANAS;5002;1;4997.0;26.0;;;5004;26;;;;;5003.0;-30.109375
2000;BANANAS;5002;1;4997.0;31.0;;;5004;31;;;;;5003.0;-27.9375
2100;BANANAS;4997;22;;;;;5004;22;;;;;5000.5;-26.2734375
2200;BANANAS;4997;26;;;;;5003;1;5004.0;25.0;;;5000.0;-23.8359375
2300;BANANAS;4997;30;;;;;5004;30;;;;;5000.5;-35.171875
2400;BANANAS;4998;30;;;;;5005;30;;;;;5001.5;-43.9765625
2500;BANANAS;4997;21;;;;;5004;21;;;;;5000.5;-20.1953125
2600;BANANAS;4996;22;;;;;5003;22;;;;;4999.5;-3.6171875
2700;BANANAS;4996;27;;;;;5001;8;5002.0;1.0;5003.0;26.0;4998.5;-2.0703125
2800;BANANAS;4996;28;;;;;5003;28;;;;;4999.5;1.6484375
2900;BANANAS;4996;30;;;;;5003;30;;;;;4999.5;-0.203125
3000;BANANAS;4996;28;;;;;5002;2;5003.0;26.0;;;4999.0;-2.09375
3100;BANANAS;5002;1;4997.0;25.0;;;5003;2;5004.0;23.0;;;5002.5;-20.6328125
3200;BANANAS;4996;28;;;;;5003;28;;;;;4999.5;-10.8671875
3300;BANANAS;4996;20;;;;;5003;20;;;;;4999.5;-10.96875
3400;BANANAS;4997;23;;;;;5003;1;5004.0;22.0;;;5000.0;-38.1796875
3500;BANANAS;5003;1;4997.0;31.0;;;5004;31;;;;;5003.5;-44.59375
3600;BANANAS;4998;3;4997.0;26.0;;;5004;26;;;;;5001.0;-51.1796875
3700;BANANAS;4997;27;;;;;5004;27;;;;;5000.5;-46.0390625
3800;BANANAS;4996;27;;;;;5001;7;5003.0;27.0;;;4998.5;-29.609375
3900;BANANAS;5002;1;4997.0;1.0;4996.0;25.0;5003;26;;;;;5002.5;-31.2578125
4000;BANANAS;4998;3;4997.0;27.0;;;5004;27;;;;;5001.0;-30.328125
4100;BANANAS;4997;8;4996.0;28.0;;;5003;28;;;;;5000.0;-17.59375
4200;BANANAS;4997;5;4996.0;25.0;;;5002;2;5003.0;23.0;;;4999.5;-13.75
4300;BANANAS;4996;26;;;;;5003;26;;;;;4999.5;-12.953125
4400;BANANAS;4996;9;4995.0;28.0;;;5002;29;;;;;4999.0;-2.765625
4500;BANANAS;4996;2;4995.0;29.0;;;5002;30;;;;;4999.0;-1.6875
4600;BANANAS;4996;2;4995.0;29.0;;;5002;31;;;;;4999.0;-2.6875
4700;BANANAS;4996;1;4995.0;29.0;;;5000;3;5002.0;30.0;;;4998.0;-3.0625
4800;BANANAS;4995;26;;;;;5000;6;5002.0;26.0;;;4997.5;2.40625
4900;BANANAS;4996;2;4995.0;22.0;;;5002;24;;;;;4999.0;-3.953125
5000;BANANAS;4996;21;;;;;5001;1;5002.0;1.0;5003.0;20.0;4998.5;-13.515625
5100;BANANAS;4999;2;4996.0;31.0;;;5003;31;;;;;5001.0;-16.9375
5200;BANANAS;4996;27;;;;;5002;2;5003.0;25.0;;;4999.0;-8.125
5300;BANANAS;4996;23;;;;;5003;23;;;;;4999.5;-15.984375
5400;BANANAS;4996;30;;;;;5002;1;5003.0;29.0;;;4999.0;-10.5625
5500;BANANAS;4997;7;4996.0;30.0;;;5003;30;;;;;5000.0;-19.984375
5600;BANANAS;4996;32;;;;;5002;2;5003.0;30.0;;;4999.0;-8.4375
5700;BANANAS;4996;29;;;;;5001;1;5003.0;29.0;;;4998.5;-18.265625
5800;BANANAS;4996;28;;;;;5003;28;;;;;4999.5;-18.015625
5900;BANANAS;4996;3;4995.0;28.0;;;5002;29;;;;;4999.0;-4.5625
6000;BANANAS;4996;2;4995.0;21.0;;;5002;23;;;;;4999.0;-1.171875
6100;BANANAS;4996;1;4995.0;26.0;;;5002;27;;;;;4999.0;-1.71875
6200;BANANAS;4996;2;4995.0;23.0;;;5002;25;;;;;4999.0;-4.640625
6300;BANANAS;4995;26;;;;;5002;26;;;;;4998.5;5.953125
6400;BANANAS;4995;25;;;;;5002;26;;;;;4998.5;14.796875
6500;BANANAS;4995;22;;;;;5001;1;5002.0;21.0;;;4998.0;12.578125
6600;BANANAS;4995;1;4994.0;23.0;;;5001;25;;;;;4998.0;14.84375
6700;BANANAS;4996;3;4995.0;28.0;;;5001;1;5002.0;27.0;;;4998.5;12.140625
6800;BANANAS;4995;24;;;;;5002;24;;;;;4998.5;-1.328125
6900;BANANAS;4999;1;4994.0;28.0;;;5001;28;;;;;5000.0;20.34375
7000;BANANAS;4994;24;;;;;5001;24;;;;;4997.5;18.3125
7100;BANANAS;4995;26;;;;;5002;26;;;;;4998.5;2.25
7200;BANANAS;4995;27;;;;;5001;1;5002.0;26.0;;;4998.0;6.1875
7300;BANANAS;4994;27;;;;;5001;28;;;;;4997.5;14.015625
7400;BANANAS;4995;28;;;;;5000;3;5002.0;28.0;;;4997.5;1.703125
7500;BANANAS;4995;26;;;;;5002;26;;;;;4998.5;-0.046875
7600;BANANAS;4995;30;;;;;5002;30;;;;;4998.5;-12.875
7700;BANANAS;4995;26;;;;;4996;8;5000.0;1.0;5002.0;26.0;4995.5;-7.890625
7800;BANANAS;4995;1;4994.0;21.0;;;5001;22;;;;;4998.0;13.390625
7900;BANANAS;4995;1;4994.0;29.0;;;5001;30;;;;;4998.0;15.0
8000;BANANAS;4995;9;4994.0;24.0;;;5001;24;;;;;4998.0;21.40625
8100;BANANAS;4995;10;4994.0;20.0;;;5001;21;;;;;4998.0;10.3125
8200;BANANAS;4995;30;;;;;5000;9;5002.0;30.0;;;4997.5;9.53125
8300;BANANAS;4994;29;;;;;5001;29;;;;;4997.5;33.59375
8400;BANANAS;4994;6;4993.0;25.0;;;4995;3;5000.0;25.0;;;4994.5;51.234375
8500;BANANAS;4994;24;;;;;5001;24;;;;;4997.5;38.25
8600;BANANAS;4994;28;;;;;4999;10;5001.0;28.0;;;4996.5;28.25
8700;BANANAS;4994;24;;;;;4999;5;5001.0;24.0;;;4996.5;39.4375
8800;BANANAS;4999;1;4995.0;1.0;4994.0;20.0;5001;20;;;;;5000.0;42.9375
8900;BANANAS;4994;27;;;;;5001;27;;;;;4997.5;37.421875
9000;BANANAS;4994;31;;;;;5001;31;;;;;4997.5;29.8125
9100;BANANAS;4994;24;;;;;5001;24;;;;;4997.5;15.515625
9200;BANANAS;4995;28;;;;;5000;2;5002.0;28.0;;;4997.5;11.375
9300;BANANAS;4996;9;4995.0;28.0;;;5001;2;5002.0;26.0;;;4998.5;12.953125
9400;BANANAS;4995;2;4994.0;25.0;;;5001;27;;;;;4998.0;17.21875
9500;BANANAS;4995;25;;;;;5000;6;5002.0;25.0;;;4997.5;0.0
9600;BANANAS;4994;31;;;;;5001;31;;;;;4997.5;36.796875
9700;BANANAS;4994;30;;;;;5001;30;;;;;4997.5;39.078125
9800;BANANAS;4994;25;;;;;5001;25;;;;;4997.5;38.578125
9900;BANANAS;4994;2;4993.0;25.0;;;5000;27;;;;;4997.0;61.890625
10000;BANANAS;4994;1;4993.0;30.0;;;5000;31;;;;;4997.0;56.484375
10100;BANANAS;4993;25;;;;;5000;25;;;;;4996.5;67.15625
10200;BANANAS;4994;30;;;;;5000;1;5001.0;29.0;;;4997.0;53.09375
10300;BANANAS;4999;1;4994.0;23.0;;;5001;23;;;;;5000.0;52.15625
10400;BANANAS;4994;23;;;;;4999;3;5001.0;23.0;;;4996.5;41.0
10500;BANANAS;4999;5;4994.0;20.0;;;5001;20;;;;;5000.0;20.65625
10600;BANANAS;4995;1;4994.0;29.0;;;4999;8;5001.0;30.0;;;4997.0;19.671875
10700;BANANAS;4994;29;;;;;5001;29;;;;;4997.5;36.109375
10800;BANANAS;4994;2;4993.0;22.0;;;5000;24;;;;;4997.0;64.484375
10900;BANANAS;4994;22;;;;;5001;22;;;;;4997.5;31.71875
11000;BANANAS;4994;27;;;;;5001;27;;;;;4997.5;33.828125
11100;BANANAS;4994;29;;;;;5001;29;;;;;4997.5;46.75
11200;BANANAS;4994;21;;;;;5001;21;;;;;4997.5;51.28125
11300;BANANAS;4994;22;;;;;5001;23;;;;;4997.5;51.734375
11400;BANANAS;4994;30;;;;;4995;1;5001.0;30.0;;;4994.5;34.828125
11500;BANANAS;4995;4;4994.0;24.0;;;5001;24;;;;;4998.0;31.484375
11600;BANANAS;4994;30;;;;;4999;9;5001.0;30.0;;;4996.5;31.265625
11700;BANANAS;4994;23;;;;;5001;23;;;;;4997.5;45.796875
11800;BANANAS;4994;31;;;;;5001;31;;;;;4997.5;36.3125
11900;BANANAS;4994;23;;;;;5000;1;5001.0;22.0;;;4997.0;57.359375
12000;BANANAS;4994;30;;;;;5001;30;;;;;4997.5;43.859375
12100;BANANAS;4995;21;;;;;5002;21;;;;;4998.5;12.953125
12200;BANANAS;4994;23;;;;;5001;23;;;;;4997.5;43.96875
12300;BANANAS;4994;6;4993.0;28.0;;;5000;28;;;;;4997.0;94.09375
12400;BANANAS;4993;25;;;;;5000;25;;;;;4996.5;81.609375
12500;BANANAS;4994;29;;;;;4999;10;5001.0;29.0;;;4996.5;29.890625
12600;BANANAS;4994;27;;;;;5001;27;;;;;4997.5;50.265625
12700;BANANAS;4994;1;4993.0;22.0;;;5000;23;;;;;4997.0;75.71875
12800;BANANAS;4994;20;;;;;4999;10;5001.0;20.0;;;4996.5;63.78125
12900;BANANAS;4993;20;;;;;4998;7;5000.0;20.0;;;4995.5;47.96875
13000;BANANAS;4993;31;;;;;5000;31;;;;;4996.5;61.15625
13100;BANANAS;4994;10;4993.0;22.0;;;5000;22;;;;;4997.0;70.1875
13200;BANANAS;4993;23;;;;;4998;2;5000.0;23.0;;;4995.5;56.5
13300;BANANAS;4993;29;;;;;4998;6;5000.0;29.0;;;4995.5;67.03125
13400;BANANAS;4994;4;4993.0;28.0;;;5000;28;;;;;4997.0;59.875
13500;BANANAS;4994;4;4993.0;27.0;;;5000;27;;;;;4997.0;61.0625
13600;BANANAS;4993;24;;;;;5000;24;;;;;4996.5;83.3125
13700;BANANAS;4993;1;4992.0;20.0;;;4999;21;;;;;4996.0;91.78125
13800;BANANAS;4992;22;;;;;4999;22;;;;;4995.5;116.78125
13900;BANANAS;4992;21;;;;;4999;21;;;;;4995.5;116.65625
14000;BANANAS;4995;2;4992.0;25.0;;;4999;25;;;;;4997.0;139.90625
14100;BANANAS;4991;27;;;;;4998;27;;;;;4994.5;169.5625
14200;BANANAS;4992;25;;;;;4999;25;;;;;4995.5;130.1875
14300;BANANAS;4992;24;;;;;4999;25;;;;;4995.5;128.40625
14400;BANANAS;4992;20;;;;;4997;10;4999.0;20.0;;;4994.5;129.90625
14500;BANANAS;4992;31;;;;;4997;3;4999.0;31.0;;;4994.5;115.9375
14600;BANANAS;4992;21;;;;;4999;21;;;;;4995.5;127.5625
14700;BANANAS;4992;20;;;;;4999;20;;;;;4995.5;133.84375
14800;BANANAS;4992;30;;;;;4993;4;4997.0;7.0;4999.0;30.0;4992.5;122.25
14900;BANANAS;4992;29;;;;;4999;29;;;;;4995.5;114.53125
15000;BANANAS;4992;22;;;;;4998;2;4999.0;21.0;;;4995.0;143.4375
15100;BANANAS;4992;29;;;;;4999;29;;;;;4995.5;120.25
15200;BANANAS;4993;4;4992.0;28.0;;;4999;28;;;;;4996.0;136.75
15300;BANANAS;4992;8;4991.0;26.0;;;4998;26;;;;;4995.0;166.21875
15400;BANANAS;4991;22;;;;;4996;8;4998.0;22.0;;;4993.5;191.375
15500;BANANAS;4991;25;;;;;4996;9;4997.0;1.0;4998.0;24.0;4993.5;202.3125
15600;BANANAS;4992;8;4991.0;25.0;;;4998;25;;;;;4995.0;157.03125
15700;BANANAS;4991;31;;;;;4998;31;;;;;4994.5;189.84375
15800;BANANAS;4996;8;4991.0;21.0;;;4998;21;;;;;4997.0;188.59375
15900;BANANAS;4990;26;;;;;4997;26;;;;;4993.5;269.34375
16000;BANANAS;4991;4;4990.0;22.0;;;4997;22;;;;;4994.0;269.4375
16100;BANANAS;4996;1;4991.0;2.0;4990.0;25.0;4997;27;;;;;4996.5;240.875
16200;BANANAS;4991;1;4990.0;29.0;;;4995;10;4997.0;30.0;;;4993.0;248.46875
16300;BANANAS;4990;30;;;;;4992;4;4993.0;5.0;4995.0;9.0;4991.0;268.5625
16400;BANANAS;4990;29;;;;;4997;29;;;;;4993.5;261.25
16500;BANANAS;4991;1;4990.0;26.0;;;4995;9;4997.0;27.0;;;4993.0;239.03125
16600;BANANAS;4991;23;;;;;4994;3;4998.0;23.0;;;4992.5;229.0
16700;BANANAS;4992;24;;;;;4994;4;4998.0;24.0;;;4993.0;155.28125
16800;BANANAS;4992;21;;;;;4999;21;;;;;4995.5;143.1875
16900;BANANAS;4992;4;4991.0;25.0;;;4998;26;;;;;4995.0;174.71875
17000;BANANAS;4992;2;4991.0;27.0;;;4998;29;;;;;4995.0;179.8125
17100;BANANAS;4991;25;;;;;4998;25;;;;;4994.5;182.78125
17200;BANANAS;4991;30;;;;;4992;1;4998.0;30.0;;;4991.5;178.53125
17300;BANANAS;4994;4;4992.0;1.0;4991.0;24.0;4996;1;4998.0;25.0;;;4995.0;179.8125
17400;BANANAS;4992;6;4991.0;26.0;;;4998;26;;;;;4995.0;172.96875
17500;BANANAS;4991;22;;;;;4997;1;4998.0;21.0;;;4994.0;239.53125
17600;BANANAS;4991;31;;;;;4998;31;;;;;4994.5;206.59375
17700;BANANAS;4991;28;;;;;4998;28;;;;;4994.5;229.5625
17800;BANANAS;4995;5;4991.0;1.0;4990.0;29.0;4997;30;;;;;4996.0;276.34375
17900;BANANAS;4991;22;;;;;4997;2;4998.0;20.0;;;4994.0;255.625
18000;BANANAS;4991;30;;;;;4998;30;;;;;4994.5;200.6875
18100;BANANAS;4991;26;;;;;4998;27;;;;;4994.5;177.3125
18200;BANANAS;4992;4;4991.0;28.0;;;4994;5;4998.0;29.0;;;4993.0;170.625
18300;BANANAS;4992;9;4991.0;27.0;;;4998;27;;;;;4995.0;207.5625
18400;BANANAS;4992;21;;;;;4997;6;4999.0;21.0;;;4994.5;85.5625
18500;BANANAS;4992;26;;;;;4999;26;;;;;4995.5;46.0625
18600;BANANAS;4992;31;;;;;4993;1;4997.0;10.0;4999.0;31.0;4992.5;97.375
18700;BANANAS;4992;32;;;;;4997;8;4998.0;2.0;4999.0;30.0;4994.5;130.3125
18800;BANANAS;4992;26;;;;;4997;6;4998.0;2.0;4999.0;24.0;4994.5;126.4375
18900;BANANAS;4992;6;4991.0;25.0;;;4998;25;;;;;4995.0;197.0625
19000;BANANAS;4991;24;;;;;4996;9;4998.0;24.0;;;4993.5;189.5
19100;BANANAS;4991;24;;;;;4996;8;4998.0;24.0;;;4993.5;210.4375
19200;BANANAS;4992;23;;;;;4998;24;;;;;4995.0;151.875
19300;BANANAS;4993;4;4992.0;31.0;;;4999;31;;;;;4996.0;108.0
19400;BANANAS;4992;1;4991.0;23.0;;;4998;23;;;;;4995.0;228.8125
19500;BANANAS;4992;5;4991.0;31.0;;;4998;31;;;;;4995.0;227.0
19600;BANANAS;4995;1;4990.0;22.0;;;4997;22;;;;;4996.0;301.75
19700;BANANAS;4991;26;;;;;4997;1;4998.0;25.0;;;4994.0;251.5
19800;BANANAS;4991;23;;;;;4998;23;;;;;4994.5;243.8125
19900;BANANAS;4994;2;4991.0;26.0;;;4998;26;;;;;4996.0;218.3125
20000;BANANAS;4990;28;;;;;4997;28;;;;;4993.5;268.0
20100;BANANAS;4991;30;;;;;4998;30;;;;;4994.5;183.0
20200;BANANAS;4992;28;;;;;4999;28;;;;;4995.5;89.0625
20300;BANANAS;4997;1;4996.0;5.0;4992.0;25.0;4998;1;4999.0;24.0;;;4997.5;138.6875
20400;BANANAS;4992;25;;;;;4999;25;;;;;4995.5;143.6875
20500;BANANAS;4992;1;4991.0;24.0;;;4998;25;;;;;4995.0;172.4375
20600;BANANAS;4991;21;;;;;4998;21;;;;;4994.5;173.75
20700;BANANAS;4991;23;;;;;4998;23;;;;;4994.5;239.875
20800;BANANAS;4992;23;;;;;4998;2;4999.0;21.0;;;4995.0;142.625
20900;BANANAS;4992;2;4991.0;28.0;;;4998;30;;;;;4995.0;193.3125
21000;BANANAS;4991;29;;;;;4998;29;;;;;4994.5;212.125
21100;BANANAS;4992;1;4991.0;22.0;;;4998;23;;;;;4995.0;185.9375
21200;BANANAS;4991;28;;;;;4998;28;;;;;4994.5;220.0
21300;BANANAS;4991;29;;;;;4996;5;4998.0;29.0;;;4993.5;232.6875
21400;BANANAS;4996;1;4991.0;23.0;;;4998;23;;;;;4997.0;264.125
21500;BANANAS;4991;26;;;;;4996;5;4997.0;1.0;4998.0;25.0;4993.5;271.25
21600;BANANAS;4995;8;4993.0;3.0;4990.0;23.0;4997;23;;;;;4996.0;333.375
21700;BANANAS;4990;22;;;;;4997;22;;;;;4993.5;356.625
21800;BANANAS;4996;1;4990.0;27.0;;;4997;27;;;;;4996.5;367.6875
21900;BANANAS;4991;3;4990.0;21.0;;;4997;21;;;;;4994.0;385.4375
22000;BANANAS;4991;1;4990.0;24.0;;;4997;24;;;;;4994.0;382.5625
22100;BANANAS;4990;26;;;;;4997;26;;;;;4993.5;398.1875
22200;BANANAS;4990;27;;;;;4995;1;4997.0;27.0;;;4992.5;358.4375
22300;BANANAS;4990;26;;;;;4997;27;;;;;4993.5;372.1875
22400;BANANAS;4995;1;4990.0;29.0;;;4997;29;;;;;4996.0;379.5625
22500;BANANAS;4990;30;;;;;4996;1;4997.0;29.0;;;4993.0;415.0625
22600;BANANAS;4989;22;;;;;4996;22;;;;;4992.5;443.3125
22700;BANANAS;4989;27;;;;;4990;1;4996.0;27.0;;;4989.5;510.8125
22800;BANANAS;4989;22;;;;;4996;22;;;;;4992.5;483.25
22900;BANANAS;4989;22;;;;;4995;1;4996.0;21.0;;;4992.0;544.25
23000;BANANAS;4989;2;4988.0;24.0;;;4990;4;4995.0;26.0;;;4989.5;584.125
23100;BANANAS;4989;22;;;;;4995;1;4996.0;21.0;;;4992.0;563.0625
23200;BANANAS;4989;29;;;;;4995;1;4996.0;28.0;;;4992.0;541.5625
23300;BANANAS;4989;22;;;;;4994;4;4995.0;2.0;4996.0;20.0;4991.5;563.1875
23400;BANANAS;4991;1;4988.0;21.0;;;4995;21;;;;;4993.0;671.6875
23500;BANANAS;4988;22;;;;;4995;22;;;;;4991.5;649.1875
23600;BANANAS;4988;23;;;;;4993;3;4995.0;23.0;;;4990.5;635.4375
23700;BANANAS;4988;1;4987.0;26.0;;;4994;27;;;;;4991.0;711.375
23800;BANANAS;4988;29;;;;;4994;2;4995.0;27.0;;;4991.0;670.0625
23900;BANANAS;4987;23;;;;;4994;23;;;;;4990.5;707.8125
24000;BANANAS;4987;26;;;;;4988;9;4989.0;2.0;4994.0;26.0;4987.5;768.375
24100;BANANAS;4987;31;;;;;4992;7;4994.0;31.0;;;4989.5;763.375
24200;BANANAS;4987;32;;;;;4994;32;;;;;4990.5;773.0625
24300;BANANAS;4990;6;4987.0;29.0;;;4994;29;;;;;4992.0;762.3125
24400;BANANAS;4987;1;4986.0;28.0;;;4993;29;;;;;4990.0;848.5625
24500;BANANAS;4993;1;4988.0;8.0;4987.0;22.0;4994;22;;;;;4993.5;751.4375
24600;BANANAS;4987;30;;;;;4994;30;;;;;4990.5;786.5
24700;BANANAS;4986;27;;;;;4993;27;;;;;4989.5;937.5
24800;BANANAS;4987;23;;;;;4993;2;4994.0;21.0;;;4990.0;900.1875
24900;BANANAS;4987;2;4986.0;26.0;;;4991;9;4993.0;28.0;;;4989.0;921.75
25000;BANANAS;4988;8;4987.0;24.0;;;4993;24;;;;;4990.5;902.25
25100;BANANAS;4992;1;4986.0;24.0;;;4993;24;;;;;4992.5;922.875
25200;BANANAS;4987;1;4986.0;25.0;;;4993;26;;;;;4990.0;928.75
25300;BANANAS;4986;23;;;;;4993;23;;;;;4989.5;913.9375
25400;BANANAS;4986;22;;;;;4993;22;;;;;4989.5;959.4375
25500;BANANAS;4987;2;4986.0;29.0;;;4991;1;4993.0;31.0;;;4989.0;918.3125
25600;BANANAS;4986;31;;;;;4993;31;;;;;4989.5;947.0625
25700;BANANAS;4986;30;;;;;4991;8;4993.0;30.0;;;4988.5;1007.25
25800;BANANAS;4986;24;;;;;4993;24;;;;;4989.5;1002.625
25900;BANANAS;4986;25;;;;;4991;6;4993.0;25.0;;;4988.5;975.4375
26000;BANANAS;4986;26;;;;;4993;26;;;;;4989.5;989.625
26100;BANANAS;4986;23;;;;;4992;2;4993.0;21.0;;;4989.0;1042.9375
26200;BANANAS;4991;1;4986.0;30.0;;;4993;30;;;;;4992.0;1004.875
26300;BANANAS;4986;2;4985.0;28.0;;;4992;28;;;;;4989.0;1110.75
26400;BANANAS;4985;23;;;;;4992;24;;;;;4988.5;1171.4375
26500;BANANAS;4986;1;4985.0;26.0;;;4992;26;;;;;4989.0;1169.1875
26600;BANANAS;4985;1;4984.0;22.0;;;4991;23;;;;;4988.0;1254.1875
26700;BANANAS;4990;1;4985.0;1.0;4984.0;22.0;4991;23;;;;;4990.5;1301.0625
26800;BANANAS;4990;1;4984.0;22.0;;;4991;22;;;;;4990.5;1307.1875
26900;BANANAS;4985;26;;;;;4992;26;;;;;4988.5;1245.625
27000;BANANAS;4984;21;;;;;4991;21;;;;;4987.5;1308.625
27100;BANANAS;4984;30;;;;;4991;30;;;;;4987.5;1351.75
27200;BANANAS;4984;28;;;;;4985;1;4991.0;28.0;;;4984.5;1329.0
27300;BANANAS;4984;9;4983.0;30.0;;;4990;30;;;;;4987.0;1496.4375
27400;BANANAS;4985;1;4984.0;23.0;;;4991;23;;;;;4988.0;1282.25
27500;BANANAS;4984;28;;;;;4991;28;;;;;4987.5;1330.6875
27600;BANANAS;4984;30;;;;;4991;30;;;;;4987.5;1381.3125
27700;BANANAS;4984;27;;;;;4991;27;;;;;4987.5;1321.875
27800;BANANAS;4984;24;;;;;4991;24;;;;;4987.5;1324.75
27900;BANANAS;4984;7;4983.0;22.0;;;4990;23;;;;;4987.0;1447.9375
28000;BANANAS;4984;29;;;;;4991;29;;;;;4987.5;1404.75
28100;BANANAS;4985;3;4984.0;24.0;;;4991;24;;;;;4988.0;1349.1875
28200;BANANAS;4984;25;;;;;4991;25;;;;;4987.5;1380.6875
28300;BANANAS;4984;27;;;;;4985;15;4989.0;6.0;4991.0;27.0;4984.5;1400.375
28400;BANANAS;4984;25;;;;;4991;25;;;;;4987.5;1330.625
28500;BANANAS;4984;27;;;;;4985;3;4990.0;2.0;4991.0;25.0;4984.5;1399.375
28600;BANANAS;4984;26;;;;;4989;2;4990.0;2.0;4991.0;24.0;4986.5;1359.75
28700;BANANAS;4985;6;4984.0;32.0;;;4991;32;;;;;4988.0;1349.6875
28800;BANANAS;4989;1;4984.0;29.0;;;4990;2;4991.0;27.0;;;4989.5;1402.4375
28900;BANANAS;4984;8;4983.0;22.0;;;4990;22;;;;;4987.0;1511.0625
29000;BANANAS;4983;26;;;;;4990;26;;;;;4986.5;1528.75
29100;BANANAS;4983;22;;;;;4988;3;4989.0;1.0;4990.0;21.0;4985.5;1597.125
29200;BANANAS;4983;30;;;;;4988;5;4990.0;30.0;;;4985.5;1519.3125
29300;BANANAS;4983;23;;;;;4990;23;;;;;4986.5;1508.1875
29400;BANANAS;4983;25;;;;;4990;25;;;;;4986.5;1447.4375
29500;BANANAS;4984;5;4983.0;29.0;;;4990;31;;;;;4987.0;1443.5
29600;BANANAS;4984;2;4983.0;22.0;;;4990;24;;;;;4987.0;1422.875
29700;BANANAS;4983;30;;;;;4990;30;;;;;4986.5;1484.6875
29800;BANANAS;4984;2;4983.0;20.0;;;4990;22;;;;;4987.0;1432.25
29900;BANANAS;4990;1;4989.0;5.0;4984.0;29.0;4991;29;;;;;4990.5;1292.0
30000;BANANAS;4984;28;;;;;4991;28;;;;;4987.5;1326.625
30100;BANANAS;4984;21;;;;;4989;5;4991.0;21.0;;;4986.5;1374.8125
30200;BANANAS;4984;28;;;;;4990;1;4991.0;27.0;;;4987.0;1387.75
30300;BANANAS;4984;30;;;;;4988;6;4990.0;30.0;;;4986.0;1428.875
30400;BANANAS;4983;30;;;;;4984;1;4990.0;30.0;;;4983.5;1486.25
30500;BANANAS;4983;20;;;;;4988;8;4990.0;20.0;;;4985.5;1472.375
30600;BANANAS;4983;30;;;;;4988;2;4990.0;30.0;;;4985.5;1496.3125
30700;BANANAS;4984;25;;;;;4990;1;4991.0;24.0;;;4987.0;1378.75
30800;BANANAS;4985;2;4984.0;30.0;;;4990;1;4991.0;29.0;;;4987.5;1378.9375
30900;BANANAS;4985;8;4984.0;29.0;;;4991;29;;;;;4988.0;1349.1875
31000;BANANAS;4984;30;;;;;4991;30;;;;;4987.5;1271.0
31100;BANANAS;4984;25;;;;;4991;25;;;;;4987.5;1292.3125
31200;BANANAS;4985;25;;;;;4991;2;4992.0;24.0;;;4988.0;1170.5
31300;BANANAS;4985;1;4984.0;22.0;;;4989;9;4991.0;23.0;;;4987.0;1225.375
31400;BANANAS;4985;7;4984.0;26.0;;;4991;26;;;;;4988.0;1292.9375
31500;BANANAS;4984;32;;;;;4989;7;4991.0;32.0;;;4986.5;1323.6875
31600;BANANAS;4984;24;;;;;4991;24;;;;;4987.5;1333.4375
31700;BANANAS;4989;1;4984.0;1.0;4983.0;25.0;4990;26;;;;;4989.5;1450.5
31800;BANANAS;4984;2;4983.0;23.0;;;4990;25;;;;;4987.0;1453.625
31900;BANANAS;4983;30;;;;;4989;1;4990.0;29.0;;;4986.0;1592.9375
32000;BANANAS;4983;22;;;;;4984;1;4988.0;4.0;4990.0;22.0;4983.5;1476.875
32100;BANANAS;4983;23;;;;;4984;1;4988.0;9.0;4990.0;23.0;4983.5;1483.875
32200;BANANAS;4983;31;;;;;4990;31;;;;;4986.5;1537.5625
32300;BANANAS;4988;1;4983.0;22.0;;;4989;2;4990.0;20.0;;;4988.5;1613.5625
32400;BANANAS;4982;30;;;;;4989;30;;;;;4985.5;1645.75
32500;BANANAS;4983;2;4982.0;20.0;;;4989;22;;;;;4986.0;1664.5
32600;BANANAS;4982;23;;;;;4987;2;4989.0;23.0;;;4984.5;1751.875
32700;BANANAS;4987;1;4982.0;31.0;;;4988;2;4989.0;29.0;;;4987.5;1828.8125
32800;BANANAS;4982;2;4981.0;24.0;;;4986;2;4988.0;26.0;;;4984.0;1846.625
32900;BANANAS;4982;2;4981.0;30.0;;;4986;3;4988.0;32.0;;;4984.0;1884.875
33000;BANANAS;4982;26;;;;;4987;3;4989.0;26.0;;;4984.5;1805.625
33100;BANANAS;4982;27;;;;;4987;5;4989.0;27.0;;;4984.5;1709.375
33200;BANANAS;4983;8;4982.0;21.0;;;4989;21;;;;;4986.0;1723.75
33300;BANANAS;4988;1;4983.0;2.0;4982.0;24.0;4989;26;;;;;4988.5;1681.25
33400;BANANAS;4985;6;4982.0;30.0;;;4987;3;4989.0;30.0;;;4986.0;1804.5
33500;BANANAS;4982;28;;;;;4987;8;4989.0;28.0;;;4984.5;1747.0
33600;BANANAS;4982;26;;;;;4989;26;;;;;4985.5;1750.0
33700;BANANAS;4983;5;4982.0;25.0;;;4989;25;;;;;4986.0;1706.25
33800;BANANAS;4983;20;;;;;4990;20;;;;;4986.5;1561.5
33900;BANANAS;4987;1;4983.0;6.0;4982.0;21.0;4989;21;;;;;4988.0;1763.375
34000;BANANAS;4988;1;4983.0;1.0;4982.0;26.0;4989;26;;;;;4988.5;1741.25
34100;BANANAS;4982;23;;;;;4989;23;;;;;4985.5;1845.125
34200;BANANAS;4983;7;4982.0;23.0;;;4989;23;;;;;4986.0;1790.75
34300;BANANAS;4982;2;4981.0;27.0;;;4988;29;;;;;4985.0;1912.0
34400;BANANAS;4981;31;;;;;4988;31;;;;;4984.5;1957.875
34500;BANANAS;4981;25;;;;;4986;5;4988.0;25.0;;;4983.5;1939.25
34600;BANANAS;4984;6;4981.0;28.0;;;4986;3;4988.0;28.0;;;4985.0;1883.0
34700;BANANAS;4982;2;4981.0;29.0;;;4988;31;;;;;4985.0;1876.375
34800;BANANAS;4981;23;;;;;4988;23;;;;;4984.5;1949.5
34900;BANANAS;4981;26;;;;;4988;27;;;;;4984.5;1997.25
35000;BANANAS;4982;10;4981.0;21.0;;;4988;21;;;;;4985.0;1915.625
35100;BANANAS;4982;5;4981.0;22.0;;;4988;24;;;;;4985.0;1916.375
35200;BANANAS;4981;26;;;;;4986;5;4988.0;26.0;;;4983.5;2072.375
35300;BANANAS;4981;20;;;;;4988;21;;;;;4984.5;1991.0
35400;BANANAS;4981;22;;;;;4986;2;4988.0;22.0;;;4983.5;1952.5
35500;BANANAS;4986;1;4982.0;1.0;4981.0;22.0;4988;23;;;;;4987.0;1871.5
35600;BANANAS;4981;27;;;;;4988;27;;;;;4984.5;1903.0
35700;BANANAS;4982;24;;;;;4988;1;4989.0;24.0;;;4985.0;1823.125
35800;BANANAS;4981;27;;;;;4982;1;4988.0;27.0;;;4981.5;1884.5
35900;BANANAS;4982;1;4981.0;22.0;;;4986;4;4988.0;23.0;;;4984.0;1828.25
36000;BANANAS;4984;6;4981.0;28.0;;;4988;28;;;;;4986.0;1876.875
36100;BANANAS;4982;29;;;;;4988;29;;;;;4985.0;1810.375
36200;BANANAS;4983;3;4982.0;30.0;;;4989;30;;;;;4986.0;1711.25
36300;BANANAS;4982;25;;;;;4989;25;;;;;4985.5;1784.125
36400;BANANAS;4982;31;;;;;4987;3;4988.0;1.0;4989.0;30.0;4984.5;1793.25
36500;BANANAS;4982;24;;;;;4989;24;;;;;4985.5;1789.625
36600;BANANAS;4982;29;;;;;4989;29;;;;;4985.5;1671.75
36700;BANANAS;4983;2;4982.0;30.0;;;4989;32;;;;;4986.0;1601.375
36800;BANANAS;4982;23;;;;;4989;24;;;;;4985.5;1719.25
36900;BANANAS;4982;23;;;;;4989;23;;;;;4985.5;1673.875
37000;BANANAS;4983;4;4982.0;26.0;;;4989;28;;;;;4986.0;1599.75
37100;BANANAS;4983;20;;;;;4985;5;4990.0;20.0;;;4984.0;1388.125
37200;BANANAS;4983;29;;;;;4989;2;4990.0;27.0;;;4986.0;1555.75
37300;BANANAS;4983;1;4982.0;21.0;;;4989;23;;;;;4986.0;1606.625
37400;BANANAS;4983;30;;;;;4984;2;4990.0;30.0;;;4983.5;1473.375
37500;BANANAS;4983;5;4982.0;22.0;;;4989;23;;;;;4986.0;1605.625
37600;BANANAS;4982;23;;;;;4989;23;;;;;4985.5;1726.875
37700;BANANAS;4982;21;;;;;4984;5;4989.0;21.0;;;4983.0;1674.875
37800;BANANAS;4983;11;4982.0;20.0;;;4989;22;;;;;4986.0;1572.375
37900;BANANAS;4982;24;;;;;4985;1;4989.0;24.0;;;4983.5;1640.125
38000;BANANAS;4983;2;4982.0;25.0;;;4989;25;;;;;4986.0;1585.75
38100;BANANAS;4983;1;4982.0;26.0;;;4989;27;;;;;4986.0;1574.125
38200;BANANAS;4983;22;;;;;4990;22;;;;;4986.5;1421.0
38300;BANANAS;4988;5;4983.0;22.0;;;4990;22;;;;;4989.0;1421.375
38400;BANANAS;4984;2;4983.0;24.0;;;4990;26;;;;;4987.0;1361.75
38500;BANANAS;4989;1;4984.0;2.0;4983.0;21.0;4990;21;;;;;4989.5;1457.75
38600;BANANAS;4983;29;;;;;4990;29;;;;;4986.5;1480.0
38700;BANANAS;4983;32;;;;;4984;11;4990.0;32.0;;;4983.5;1490.625
38800;BANANAS;4984;2;4983.0;22.0;;;4990;24;;;;;4987.0;1369.5
38900;BANANAS;4984;20;;;;;4989;8;4991.0;21.0;;;4986.5;1304.875
39000;BANANAS;4984;2;4983.0;28.0;;;4990;30;;;;;4987.0;1379.875
39100;BANANAS;4984;25;;;;;4989;5;4991.0;25.0;;;4986.5;1306.5
39200;BANANAS;4984;22;;;;;4991;22;;;;;4987.5;1223.875
39300;BANANAS;4984;29;;;;;4991;29;;;;;4987.5;1236.0
39400;BANANAS;4984;25;;;;;4990;2;4991.0;24.0;;;4987.0;1257.5
39500;BANANAS;4989;1;4984.0;31.0;;;4990;2;4991.0;29.0;;;4989.5;1278.75
39600;BANANAS;4987;5;4983.0;28.0;;;4990;28;;;;;4988.5;1465.375
39700;BANANAS;4983;23;;;;;4990;23;;;;;4986.5;1445.0
39800;BANANAS;4983;24;;;;;4990;24;;;;;4986.5;1419.75
39900;BANANAS;4983;23;;;;;4990;23;;;;;4986.5;1514.125
40000;BANANAS;4983;27;;;;;4990;27;;;;;4986.5;1433.5
40100;BANANAS;4983;27;;;;;4989;1;4990.0;26.0;;;4986.0;1583.25
40200;BANANAS;4983;2;4982.0;27.0;;;4989;29;;;;;4986.0;1643.5
40300;BANANAS;4983;9;4982.0;28.0;;;4989;28;;;;;4986.0;1695.5
40400;BANANAS;4983;30;;;;;4990;30;;;;;4986.5;1479.25
40500;BANANAS;4982;29;;;;;4983;6;4989.0;30.0;;;4982.5;1650.75
40600;BANANAS;4983;28;;;;;4990;29;;;;;4986.5;1586.5
40700;BANANAS;4983;24;;;;;4990;24;;;;;4986.5;1483.375
40800;BANANAS;4983;24;;;;;4990;24;;;;;4986.5;1442.125
40900;BANANAS;4984;23;;;;;4991;23;;;;;4987.5;1312.75
41000;BANANAS;4983;24;;;;;4990;24;;;;;4986.5;1423.0
41100;BANANAS;4982;26;;;;;4983;1;4989.0;26.0;;;4982.5;1673.25
41200;BANANAS;4983;25;;;;;4990;25;;;;;4986.5;1586.375
41300;BANANAS;4987;2;4982.0;30.0;;;4989;30;;;;;4988.0;1718.125
41400;BANANAS;4982;31;;;;;4989;31;;;;;4985.5;1754.375
41500;BANANAS;4982;2;4981.0;21.0;;;4988;23;;;;;4985.0;1884.25
41600;BANANAS;4982;23;;;;;4989;23;;;;;4985.5;1768.75
41700;BANANAS;4982;29;;;;;4989;29;;;;;4985.5;1670.0
41800;BANANAS;4983;9;4982.0;31.0;;;4989;31;;;;;4986.0;1749.75
41900;BANANAS;4982;30;;;;;4983;10;4987.0;4.0;4989.0;30.0;4982.5;1650.25
42000;BANANAS;4982;20;;;;;4989;20;;;;;4985.5;1637.0
42100;BANANAS;4983;1;4982.0;20.0;;;4987;6;4989.0;21.0;;;4985.0;1652.75
42200;BANANAS;4983;10;4982.0;20.0;;;4989;22;;;;;4986.0;1646.5
42300;BANANAS;4982;24;;;;;4987;8;4989.0;24.0;;;4984.5;1669.125
42400;BANANAS;4983;2;4982.0;25.0;;;4989;27;;;;;4986.0;1608.75
42500;BANANAS;4983;24;;;;;4988;8;4989.0;2.0;4990.0;22.0;4985.5;1573.75
42600;BANANAS;4982;24;;;;;4987;3;4989.0;24.0;;;4984.5;1613.5
42700;BANANAS;4983;24;;;;;4990;24;;;;;4986.5;1499.875
42800;BANANAS;4983;27;;;;;4989;2;4990.0;25.0;;;4986.0;1569.25
42900;BANANAS;4983;28;;;;;4988;4;4989.0;2.0;4990.0;26.0;4985.5;1537.125
43000;BANANAS;4983;21;;;;;4990;21;;;;;4986.5;1491.25
43100;BANANAS;4983;21;;;;;4990;21;;;;;4986.5;1323.375
43200;BANANAS;4984;1;4983.0;28.0;;;4990;29;;;;;4987.0;1387.5
43300;BANANAS;4984;25;;;;;4991;25;;;;;4987.5;1188.25
43400;BANANAS;4984;28;;;;;4991;28;;;;;4987.5;1168.25
43500;BANANAS;4984;23;;;;;4991;24;;;;;4987.5;1187.25
43600;BANANAS;4984;22;;;;;4989;8;4990.0;2.0;4991.0;20.0;4986.5;1264.75
43700;BANANAS;4989;1;4985.0;8.0;4984.0;30.0;4991;30;;;;;4990.0;1197.625
43800;BANANAS;4984;29;;;;;4991;29;;;;;4987.5;1192.25
43900;BANANAS;4984;6;4983.0;22.0;;;4990;24;;;;;4987.0;1316.25
44000;BANANAS;4983;30;;;;;4990;30;;;;;4986.5;1453.25
44100;BANANAS;4983;30;;;;;4990;30;;;;;4986.5;1518.0
44200;BANANAS;4983;27;;;;;4989;1;4990.0;26.0;;;4986.0;1596.75
44300;BANANAS;4984;6;4983.0;28.0;;;4990;28;;;;;4987.0;1470.375
44400;BANANAS;4985;3;4984.0;23.0;;;4990;2;4991.0;21.0;;;4987.5;1311.0
44500;BANANAS;4984;29;;;;;4991;29;;;;;4987.5;1210.5
44600;BANANAS;4984;26;;;;;4991;26;;;;;4987.5;1169.125
44700;BANANAS;4989;1;4985.0;4.0;4984.0;28.0;4991;28;;;;;4990.0;1219.25
44800;BANANAS;4984;24;;;;;4991;24;;;;;4987.5;1214.75
44900;BANANAS;4984;30;;;;;4991;30;;;;;4987.5;1111.875
45000;BANANAS;4985;25;;;;;4986;1;4992.0;25.0;;;4985.5;863.875
45100;BANANAS;4986;1;4985.0;25.0;;;4992;26;;;;;4989.0;757.875
45200;BANANAS;4985;24;;;;;4992;24;;;;;4988.5;788.0
45300;BANANAS;4986;1;4985.0;29.0;;;4992;30;;;;;4989.0;783.875
45400;BANANAS;4985;25;;;;;4992;25;;;;;4988.5;840.375
45500;BANANAS;4990;1;4985.0;29.0;;;4992;29;;;;;4991.0;932.125
45600;BANANAS;4985;27;;;;;4990;8;4992.0;27.0;;;4987.5;953.75
45700;BANANAS;4985;22;;;;;4992;22;;;;;4988.5;944.625
45800;BANANAS;4986;21;;;;;4987;1;4992.0;1.0;4993.0;20.0;4986.5;724.5
45900;BANANAS;4991;4;4986.0;28.0;;;4992;2;4993.0;26.0;;;4991.5;731.875
46000;BANANAS;4986;26;;;;;4993;26;;;;;4989.5;569.75
46100;BANANAS;4987;24;;;;;4994;24;;;;;4990.5;348.75
46200;BANANAS;4988;3;4987.0;20.0;;;4994;20;;;;;4991.0;339.0
46300;BANANAS;4987;23;;;;;4992;1;4994.0;23.0;;;4989.5;137.875
46400;BANANAS;4988;26;;;;;4995;26;;;;;4991.5;44.375
46500;BANANAS;4988;26;;;;;4994;2;4995.0;24.0;;;4991.0;97.0
46600;BANANAS;4988;22;;;;;4994;1;4995.0;21.0;;;4991.0;64.0
46700;BANANAS;4989;10;4988.0;27.0;;;4995;27;;;;;4992.0;61.375
46800;BANANAS;4988;30;;;;;4994;1;4995.0;30.0;;;4991.0;87.75
46900;BANANAS;4988;31;;;;;4994;1;4995.0;30.0;;;4991.0;106.875
47000;BANANAS;4988;29;;;;;4995;29;;;;;4991.5;89.0
47100;BANANAS;4988;28;;;;;4993;10;4995.0;28.0;;;4990.5;34.125
47200;BANANAS;4988;1;4987.0;25.0;;;4994;26;;;;;4991.0;148.625
47300;BANANAS;4987;29;;;;;4988;5;4994.0;31.0;;;4987.5;144.25
47400;BANANAS;4987;28;;;;;4992;7;4994.0;29.0;;;4989.5;336.25
47500;BANANAS;4992;1;4987.0;27.0;;;4994;27;;;;;4993.0;303.0
47600;BANANAS;4987;27;;;;;4994;27;;;;;4990.5;223.125
47700;BANANAS;4987;24;;;;;4988;1;4992.0;8.0;4994.0;24.0;4987.5;202.375
47800;BANANAS;4987;25;;;;;4994;25;;;;;4990.5;163.0
47900;BANANAS;4988;26;;;;;4994;2;4995.0;24.0;;;4991.0;87.25
48000;BANANAS;4987;28;;;;;4989;5;4994.0;28.0;;;4988.0;173.125
48100;BANANAS;4987;24;;;;;4994;24;;;;;4990.5;204.375
48200;BANANAS;4988;9;4987.0;24.0;;;4990;5;4994.0;25.0;;;4989.0;138.75
48300;BANANAS;4991;6;4988.0;26.0;;;4995;26;;;;;4993.0;3.375
48400;BANANAS;4988;30;;;;;4995;30;;;;;4991.5;-48.5
48500;BANANAS;4989;25;;;;;4996;25;;;;;4992.5;-383.25
48600;BANANAS;4990;2;4989.0;24.0;;;4992;3;4996.0;24.0;;;4991.0;-374.5
48700;BANANAS;4989;21;;;;;4990;1;4996.0;21.0;;;4989.5;-506.75
48800;BANANAS;4991;9;4990.0;25.0;;;4997;25;;;;;4994.0;-673.875
48900;BANANAS;4990;27;;;;;4997;28;;;;;4993.5;-659.125
49000;BANANAS;4990;1;4989.0;20.0;;;4996;21;;;;;4993.0;-550.25
49100;BANANAS;4989;28;;;;;4996;28;;;;;4992.5;-393.25
49200;BANANAS;4990;7;4989.0;29.0;;;4991;3;4996.0;29.0;;;4990.5;-414.375
49300;BANANAS;4990;8;4989.0;22.0;;;4996;22;;;;;4993.0;-561.25
49400;BANANAS;4990;20;;;;;4997;21;;;;;4993.5;-597.25
49500;BANANAS;4995;1;4990.0;30.0;;;4996;1;4997.0;29.0;;;4995.5;-620.0
49600;BANANAS;4990;30;;;;;4995;2;4996.0;1.0;4997.0;29.0;4992.5;-569.25
49700;BANANAS;4990;27;;;;;4997;27;;;;;4993.5;-643.625
49800;BANANAS;4989;26;;;;;4996;26;;;;;4992.5;-363.5
49900;BANANAS;4989;21;;;;;4996;22;;;;;4992.5;-397.875
50000;BANANAS;4989;28;;;;;4996;28;;;;;4992.5;-401.375
50100;BANANAS;4988;30;;;;;4995;30;;;;;4991.5;-216.875
50200;BANANAS;4990;2;4989.0;29.0;;;4996;31;;;;;4993.0;-509.125
50300;BANANAS;4989;20;;;;;4995;1;4996.0;20.0;;;4992.0;-327.875
50400;BANANAS;4989;2;4988.0;21.0;;;4995;23;;;;;4992.0;-181.875
50500;BANANAS;4989;9;4988.0;28.0;;;4995;28;;;;;4992.0;-23.875
50600;BANANAS;4988;22;;;;;4995;22;;;;;4991.5;-174.75
50700;BANANAS;4988;27;;;;;4995;27;;;;;4991.5;-53.625
50800;BANANAS;4989;10;4988.0;30.0;;;4995;30;;;;;4992.0;-144.25
50900;BANANAS;4989;2;4988.0;24.0;;;4993;1;4995.0;26.0;;;4991.0;-223.75
51000;BANANAS;4989;26;;;;;4994;8;4995.0;2.0;4996.0;25.0;4991.5;-261.875
51100;BANANAS;4988;31;;;;;4993;3;4995.0;31.0;;;4990.5;-83.375
51200;BANANAS;4989;6;4988.0;29.0;;;4995;29;;;;;4992.0;0.5
51300;BANANAS;4994;1;4988.0;26.0;;;4995;26;;;;;4994.5;-227.5
51400;BANANAS;4988;22;;;;;4995;22;;;;;4991.5;-48.625
51500;BANANAS;4988;31;;;;;4994;2;4995.0;29.0;;;4991.0;65.5
51600;BANANAS;4991;2;4988.0;32.0;;;4993;1;4994.0;2.0;4995.0;30.0;4992.0;48.625
51700;BANANAS;4989;3;4988.0;21.0;;;4995;21;;;;;4992.0;-64.25
51800;BANANAS;4988;22;;;;;4995;22;;;;;4991.5;-99.625
51900;BANANAS;4988;24;;;;;4993;2;4995.0;24.0;;;4990.5;-205.125
52000;BANANAS;4988;23;;;;;4995;23;;;;;4991.5;-52.875
52100;BANANAS;4988;24;;;;;4995;24;;;;;4991.5;-187.125
52200;BANANAS;4989;1;4988.0;24.0;;;4991;3;4993.0;3.0;4995.0;26.0;4990.0;-270.75
52300;BANANAS;4988;28;;;;;4995;29;;;;;4991.5;-46.0
52400;BANANAS;4989;1;4988.0;20.0;;;4995;21;;;;;4992.0;-266.25
52500;BANANAS;4990;1;4989.0;30.0;;;4996;31;;;;;4993.0;-594.25
52600;BANANAS;4989;25;;;;;4996;25;;;;;4992.5;-483.875
52700;BANANAS;4989;21;;;;;4996;21;;;;;4992.5;-491.625
52800;BANANAS;4990;22;;;;;4997;22;;;;;4993.5;-691.375
52900;BANANAS;4989;25;;;;;4996;25;;;;;4992.5;-478.875
53000;BANANAS;4989;4;4988.0;22.0;;;4995;22;;;;;4992.0;-193.75
53100;BANANAS;4988;23;;;;;4994;1;4995.0;22.0;;;4991.0;-7.875
53200;BANANAS;4988;2;4987.0;26.0;;;4994;28;;;;;4991.0;73.75
53300;BANANAS;4987;25;;;;;4992;8;4994.0;25.0;;;4989.5;156.75
53400;BANANAS;4988;1;4987.0;27.0;;;4994;28;;;;;4991.0;70.0
53500;BANANAS;4988;21;;;;;4993;2;4995.0;21.0;;;4990.5;63.25
53600;BANANAS;4988;2;4987.0;27.0;;;4994;27;;;;;4991.0;247.5
53700;BANANAS;4988;2;4987.0;21.0;;;4989;2;4994.0;23.0;;;4988.5;112.875
53800;BANANAS;4988;25;;;;;4995;25;;;;;4991.5;-181.75
53900;BANANAS;4989;31;;;;;4994;10;4995.0;1.0;4996.0;30.0;4991.5;-367.625
54000;BANANAS;4990;3;4989.0;31.0;;;4996;31;;;;;4993.0;-521.5
54100;BANANAS;4990;10;4989.0;27.0;;;4996;27;;;;;4993.0;-524.25
54200;BANANAS;4990;2;4989.0;28.0;;;4996;30;;;;;4993.0;-677.0
54300;BANANAS;4989;24;;;;;4996;24;;;;;4992.5;-526.375
54400;BANANAS;4989;30;;;;;4996;30;;;;;4992.5;-643.0
54500;BANANAS;4989;24;;;;;4996;24;;;;;4992.5;-629.0
54600;BANANAS;4990;24;;;;;4991;3;4996.0;1.0;4997.0;24.0;4990.5;-807.75
54700;BANANAS;4995;1;4990.0;25.0;;;4997;25;;;;;4996.0;-887.125
54800;BANANAS;4990;2;4989.0;29.0;;;4994;5;4996.0;31.0;;;4992.0;-713.25
54900;BANANAS;4990;1;4989.0;24.0;;;4994;4;4996.0;25.0;;;4992.0;-733.25
55000;BANANAS;4991;4;4990.0;24.0;;;4997;24;;;;;4994.0;-924.875
55100;BANANAS;4989;21;;;;;4996;21;;;;;4992.5;-746.625
55200;BANANAS;4995;1;4989.0;21.0;;;4996;21;;;;;4995.5;-658.25
55300;BANANAS;4989;29;;;;;4996;29;;;;;4992.5;-534.25
55400;BANANAS;4991;6;4989.0;1.0;4988.0;27.0;4995;28;;;;;4993.0;-297.75
55500;BANANAS;4989;31;;;;;4995;2;4996.0;29.0;;;4992.0;-449.125
55600;BANANAS;4989;29;;;;;4990;1;4996.0;29.0;;;4989.5;-655.875
55700;BANANAS;4990;21;;;;;4997;21;;;;;4993.5;-781.875
55800;BANANAS;4990;22;;;;;4996;2;4997.0;20.0;;;4993.0;-819.875
55900;BANANAS;4990;27;;;;;4996;1;4997.0;26.0;;;4993.0;-811.375
56000;BANANAS;4990;29;;;;;4997;29;;;;;4993.5;-848.875
56100;BANANAS;4990;1;4989.0;22.0;;;4996;23;;;;;4993.0;-733.125
56200;BANANAS;4990;23;;;;;4997;23;;;;;4993.5;-871.125
56300;BANANAS;4990;31;;;;;4991;1;4995.0;4.0;4997.0;31.0;4990.5;-1036.5
56400;BANANAS;4991;25;;;;;4997;1;4998.0;24.0;;;4994.0;-1183.75
56500;BANANAS;4995;11;4991.0;12.0;4990.0;20.0;4997;22;;;;;4996.0;-1102.25
56600;BANANAS;4991;2;4990.0;26.0;;;4997;28;;;;;4994.0;-1102.125
56700;BANANAS;4991;2;4990.0;20.0;;;4997;22;;;;;4994.0;-1074.75
56800;BANANAS;4992;4;4991.0;25.0;;;4998;25;;;;;4995.0;-1387.375
56900;BANANAS;4991;21;;;;;4998;21;;;;;4994.5;-1416.875
57000;BANANAS;4991;2;4990.0;30.0;;;4997;32;;;;;4994.0;-1105.0
57100;BANANAS;4991;24;;;;;4998;24;;;;;4994.5;-1167.625
57200;BANANAS;4991;24;;;;;4998;24;;;;;4994.5;-1479.625
57300;BANANAS;4992;21;;;;;4999;21;;;;;4995.5;-1593.0
57400;BANANAS;4992;25;;;;;4997;3;4999.0;25.0;;;4994.5;-1737.0
57500;BANANAS;4992;25;;;;;4999;25;;;;;4995.5;-1742.75
57600;BANANAS;4991;32;;;;;4998;32;;;;;4994.5;-1414.25
57700;BANANAS;4991;1;4990.0;25.0;;;4997;26;;;;;4994.0;-1112.875
57800;BANANAS;4990;28;;;;;4997;29;;;;;4993.5;-911.0
57900;BANANAS;4993;1;4990.0;30.0;;;4997;30;;;;;4995.0;-889.5
58000;BANANAS;4990;23;;;;;4991;2;4997.0;23.0;;;4990.5;-943.5
58100;BANANAS;4991;6;4990.0;28.0;;;4997;28;;;;;4994.0;-1058.75
58200;BANANAS;4991;9;4990.0;26.0;;;4997;26;;;;;4994.0;-1001.5
58300;BANANAS;4996;1;4990.0;22.0;;;4997;22;;;;;4996.5;-1161.25
58400;BANANAS;4991;1;4990.0;28.0;;;4997;29;;;;;4994.0;-1114.0
58500;BANANAS;4991;1;4990.0;23.0;;;4997;23;;;;;4994.0;-995.75
58600;BANANAS;4990;29;;;;;4995;10;4997.0;29.0;;;4992.5;-1138.25
58700;BANANAS;4990;30;;;;;4997;30;;;;;4993.5;-970.25
58800;BANANAS;4989;21;;;;;4994;10;4996.0;22.0;;;4991.5;-505.5
58900;BANANAS;4989;26;;;;;4995;1;4996.0;25.0;;;4992.0;-322.75
59000;BANANAS;4989;22;;;;;4996;22;;;;;4992.5;-338.75
59100;BANANAS;4988;2;4987.0;26.0;;;4994;28;;;;;4991.0;191.0
59200;BANANAS;4987;24;;;;;4994;24;;;;;4990.5;252.75
59300;BANANAS;4987;24;;;;;4994;24;;;;;4990.5;310.0
59400;BANANAS;4987;29;;;;;4993;2;4994.0;27.0;;;4990.0;555.5
59500;BANANAS;4986;26;;;;;4993;26;;;;;4989.5;810.5
59600;BANANAS;4987;4;4986.0;28.0;;;4992;1;4993.0;27.0;;;4989.5;890.25
59700;BANANAS;4986;21;;;;;4991;6;4992.0;1.0;4993.0;20.0;4988.5;984.5
59800;BANANAS;4986;24;;;;;4993;24;;;;;4989.5;768.5
59900;BANANAS;4986;23;;;;;4987;1;4993.0;23.0;;;4986.5;704.25
60000;BANANAS;4991;1;4986.0;26.0;;;4993;26;;;;;4992.0;976.25
60100;BANANAS;4985;24;;;;;4992;24;;;;;4988.5;1125.5
60200;BANANAS;4988;1;4986.0;1.0;4985.0;23.0;4992;24;;;;;4990.0;1004.5
60300;BANANAS;4991;13;4986.0;28.0;;;4993;28;;;;;4992.0;675.0
60400;BANANAS;4987;2;4986.0;20.0;;;4993;22;;;;;4990.0;623.0
60500;BANANAS;4987;30;;;;;4993;1;4994.0;29.0;;;4990.0;568.0
60600;BANANAS;4987;26;;;;;4994;27;;;;;4990.5;234.25
60700;BANANAS;4990;3;4987.0;27.0;;;4994;27;;;;;4992.0;238.75
60800;BANANAS;4987;21;;;;;4992;6;4994.0;21.0;;;4989.5;294.0
60900;BANANAS;4987;22;;;;;4993;1;4994.0;21.0;;;4990.0;540.75
61000;BANANAS;4986;22;;;;;4993;22;;;;;4989.5;633.0
61100;BANANAS;4987;29;;;;;4994;29;;;;;4990.5;242.5
61200;BANANAS;4987;30;;;;;4992;4;4993.0;1.0;4994.0;29.0;4989.5;505.75
61300;BANANAS;4992;1;4987.0;27.0;;;4993;2;4994.0;25.0;;;4992.5;504.0
61400;BANANAS;4991;7;4986.0;29.0;;;4993;29;;;;;4992.0;760.5
61500;BANANAS;4986;21;;;;;4993;21;;;;;4989.5;737.75
61600;BANANAS;4986;27;;;;;4988;1;4991.0;2.0;4993.0;27.0;4987.0;578.0
61700;BANANAS;4986;30;;;;;4993;30;;;;;4989.5;622.25
61800;BANANAS;4988;7;4987.0;26.0;;;4993;1;4994.0;25.0;;;4990.5;490.75
61900;BANANAS;4987;22;;;;;4994;22;;;;;4990.5;360.75
62000;BANANAS;4987;21;;;;;4994;21;;;;;4990.5;280.5
62100;BANANAS;4988;22;;;;;4995;22;;;;;4991.5;-28.75
62200;BANANAS;4988;29;;;;;4995;29;;;;;4991.5;-169.25
62300;BANANAS;4988;25;;;;;4995;25;;;;;4991.5;-113.75
62400;BANANAS;4988;26;;;;;4989;5;4994.0;2.0;4995.0;24.0;4988.5;13.25
62500;BANANAS;4992;3;4988.0;2.0;4987.0;26.0;4994;28;;;;;4993.0;159.25
62600;BANANAS;4988;28;;;;;4993;10;4994.0;2.0;4995.0;27.0;4990.5;71.75
62700;BANANAS;4988;2;4987.0;23.0;;;4994;25;;;;;4991.0;132.25
62800;BANANAS;4989;23;;;;;4995;1;4996.0;22.0;;;4992.0;-373.25
62900;BANANAS;4990;1;4989.0;28.0;;;4994;10;4996.0;29.0;;;4992.0;-714.5
63000;BANANAS;4989;23;;;;;4996;23;;;;;4992.5;-717.5
63100;BANANAS;4989;24;;;;;4996;24;;;;;4992.5;-654.0
63200;BANANAS;4991;6;4990.0;28.0;;;4993;9;4996.0;2.0;4997.0;26.0;4992.0;-977.5
63300;BANANAS;4989;23;;;;;4996;23;;;;;4992.5;-617.5
63400;BANANAS;4989;22;;;;;4994;5;4996.0;22.0;;;4991.5;-523.25
63500;BANANAS;4989;22;;;;;4996;22;;;;;4992.5;-706.25
63600;BANANAS;4989;22;;;;;4996;22;;;;;4992.5;-529.75
63700;BANANAS;4989;31;;;;;4995;1;4996.0;30.0;;;4992.0;-437.5
63800;BANANAS;4989;1;4988.0;20.0;;;4995;21;;;;;4992.0;-369.25
63900;BANANAS;4990;8;4989.0;27.0;;;4995;2;4996.0;25.0;;;4992.5;-496.5
64000;BANANAS;4990;7;4989.0;29.0;;;4996;29;;;;;4993.0;-522.5
64100;BANANAS;4990;10;4989.0;32.0;;;4996;32;;;;;4993.0;-599.75
64200;BANANAS;4989;22;;;;;4996;22;;;;;4992.5;-714.25
64300;BANANAS;4992;2;4990.0;8.0;4989.0;29.0;4996;29;;;;;4994.0;-727.0
64400;BANANAS;4990;24;;;;;4995;7;4997.0;24.0;;;4992.5;-942.0
64500;BANANAS;4989;26;;;;;4994;1;4996.0;26.0;;;4991.5;-800.25
64600;BANANAS;4994;1;4989.0;25.0;;;4996;25;;;;;4995.0;-518.0
64700;BANANAS;4989;10;4988.0;29.0;;;4995;29;;;;;4992.0;-172.0
64800;BANANAS;4988;2;4987.0;25.0;;;4994;27;;;;;4991.0;143.5
64900;BANANAS;4988;6;4987.0;29.0;;;4994;29;;;;;4991.0;251.0
65000;BANANAS;4988;22;;;;;4994;1;4995.0;21.0;;;4991.0;51.0
65100;BANANAS;4988;26;;;;;4993;6;4995.0;26.0;;;4990.5;17.5
65200;BANANAS;4988;2;4987.0;29.0;;;4994;31;;;;;4991.0;134.25
65300;BANANAS;4987;23;;;;;4994;23;;;;;4990.5;342.75
65400;BANANAS;4990;4;4987.0;20.0;;;4994;20;;;;;4992.0;442.75
65500;BANANAS;4987;22;;;;;4993;1;4994.0;21.0;;;4990.0;521.75
65600;BANANAS;4986;30;;;;;4993;30;;;;;4989.5;632.25
65700;BANANAS;4986;26;;;;;4993;26;;;;;4989.5;908.25
65800;BANANAS;4986;30;;;;;4987;8;4992.0;2.0;4993.0;28.0;4986.5;1001.5
65900;BANANAS;4986;25;;;;;4993;25;;;;;4989.5;799.75
66000;BANANAS;4986;8;4985.0;28.0;;;4992;28;;;;;4989.0;1225.75
66100;BANANAS;4985;25;;;;;4992;25;;;;;4988.5;1273.0
66200;BANANAS;4984;24;;;;;4991;24;;;;;4987.5;1688.5
66300;BANANAS;4985;2;4984.0;26.0;;;4991;27;;;;;4988.0;1652.75
66400;BANANAS;4984;25;;;;;4989;9;4991.0;25.0;;;4986.5;1799.5
66500;BANANAS;4984;7;4983.0;24.0;;;4990;24;;;;;4987.0;2207.5
66600;BANANAS;4984;8;4983.0;30.0;;;4990;31;;;;;4987.0;2188.25
66700;BANANAS;4984;21;;;;;4991;21;;;;;4987.5;1833.25
66800;BANANAS;4984;29;;;;;4991;29;;;;;4987.5;1812.5
66900;BANANAS;4985;1;4984.0;29.0;;;4991;30;;;;;4988.0;1585.75
67000;BANANAS;4984;21;;;;;4991;22;;;;;4987.5;1597.0
67100;BANANAS;4984;29;;;;;4989;3;4991.0;29.0;;;4986.5;2020.25
67200;BANANAS;4984;24;;;;;4989;7;4991.0;24.0;;;4986.5;1926.25
67300;BANANAS;4984;26;;;;;4991;26;;;;;4987.5;2008.75
67400;BANANAS;4983;27;;;;;4990;27;;;;;4986.5;2296.25
67500;BANANAS;4984;2;4983.0;27.0;;;4988;8;4990.0;29.0;;;4986.0;2134.75
67600;BANANAS;4984;2;4983.0;30.0;;;4990;32;;;;;4987.0;2055.0
67700;BANANAS;4983;29;;;;;4990;29;;;;;4986.5;2160.5
67800;BANANAS;4984;23;;;;;4990;2;4991.0;21.0;;;4987.0;1987.25
67900;BANANAS;4984;11;4983.0;30.0;;;4986;1;4990.0;32.0;;;4985.0;2162.25
68000;BANANAS;4988;10;4984.0;25.0;;;4990;25;;;;;4989.0;2023.75
68100;BANANAS;4983;29;;;;;4988;3;4990.0;29.0;;;4985.5;2214.0
68200;BANANAS;4989;1;4984.0;7.0;4983.0;20.0;4990;20;;;;;4989.5;2106.5
68300;BANANAS;4983;20;;;;;4990;21;;;;;4986.5;2328.25
68400;BANANAS;4984;27;;;;;4990;27;;;;;4987.0;2027.0
68500;BANANAS;4984;25;;;;;4990;2;4991.0;23.0;;;4987.0;1976.0
68600;BANANAS;4990;1;4984.0;27.0;;;4991;27;;;;;4990.5;1714.0
68700;BANANAS;4984;25;;;;;4991;25;;;;;4987.5;1885.0
68800;BANANAS;4984;28;;;;;4985;9;4989.0;4.0;4990.0;2.0;4984.5;1984.0
68900;BANANAS;4989;1;4984.0;25.0;;;4991;25;;;;;4990.0;1788.25
69000;BANANAS;4983;23;;;;;4990;23;;;;;4986.5;2370.0
69100;BANANAS;4982;25;;;;;4985;4;4989.0;25.0;;;4983.5;2596.0
69200;BANANAS;4983;26;;;;;4990;26;;;;;4986.5;2378.0
69300;BANANAS;4983;28;;;;;4990;28;;;;;4986.5;2280.25
69400;BANANAS;4989;1;4984.0;8.0;4983.0;20.0;4990;22;;;;;4989.5;2079.75
69500;BANANAS;4983;20;;;;;4985;4;4988.0;1.0;4990.0;20.0;4984.0;2148.25
69600;BANANAS;4984;22;;;;;4985;2;4990.0;1.0;4991.0;21.0;4984.5;2028.5
69700;BANANAS;4983;21;;;;;4990;21;;;;;4986.5;2181.0
69800;BANANAS;4988;1;4983.0;27.0;;;4989;1;4990.0;26.0;;;4988.5;2474.25
69900;BANANAS;4987;1;4983.0;8.0;4982.0;29.0;4989;29;;;;;4988.0;2836.0
70000;BANANAS;4983;2;4982.0;28.0;;;4989;28;;;;;4986.0;2954.25
70100;BANANAS;4982;24;;;;;4987;8;4988.0;2.0;4989.0;22.0;4984.5;3071.75
70200;BANANAS;4982;2;4981.0;29.0;;;4986;3;4988.0;31.0;;;4984.0;3206.5
70300;BANANAS;4980;29;;;;;4987;29;;;;;4983.5;3963.75
70400;BANANAS;4979;26;;;;;4980;1;4984.0;3.0;4986.0;26.0;4979.5;4390.25
70500;BANANAS;4979;25;;;;;4986;25;;;;;4982.5;4501.75
70600;BANANAS;4979;30;;;;;4986;30;;;;;4982.5;4430.5
70700;BANANAS;4979;22;;;;;4980;10;4986.0;22.0;;;4979.5;4555.0
70800;BANANAS;4978;28;;;;;4980;4;4985.0;28.0;;;4979.0;4724.25
70900;BANANAS;4978;26;;;;;4985;26;;;;;4981.5;5229.75
71000;BANANAS;4979;2;4978.0;29.0;;;4985;31;;;;;4982.0;4788.0
71100;BANANAS;4979;4;4978.0;25.0;;;4985;25;;;;;4982.0;5029.25
71200;BANANAS;4979;28;;;;;4985;2;4986.0;26.0;;;4982.0;4661.5
71300;BANANAS;4979;29;;;;;4986;29;;;;;4982.5;4320.5
71400;BANANAS;4979;29;;;;;4980;1;4984.0;8.0;4986.0;29.0;4979.5;4261.0
71500;BANANAS;4980;10;4979.0;30.0;;;4986;30;;;;;4983.0;4384.25
71600;BANANAS;4979;20;;;;;4986;20;;;;;4982.5;4355.5
71700;BANANAS;4979;20;;;;;4986;20;;;;;4982.5;4608.75
71800;BANANAS;4984;1;4980.0;3.0;4979.0;25.0;4986;25;;;;;4985.0;4552.0
71900;BANANAS;4979;30;;;;;4986;30;;;;;4982.5;4551.75
72000;BANANAS;4979;26;;;;;4986;26;;;;;4982.5;4435.75
72100;BANANAS;4980;2;4979.0;23.0;;;4986;24;;;;;4983.0;4227.75
72200;BANANAS;4980;24;;;;;4985;10;4987.0;24.0;;;4982.5;3848.25
72300;BANANAS;4980;30;;;;;4987;30;;;;;4983.5;3934.0
72400;BANANAS;4981;2;4980.0;21.0;;;4985;4;4987.0;23.0;;;4983.0;3705.75
72500;BANANAS;4980;24;;;;;4987;24;;;;;4983.5;3879.5
72600;BANANAS;4985;1;4980.0;22.0;;;4986;1;4987.0;21.0;;;4985.5;4076.0
72700;BANANAS;4979;23;;;;;4986;23;;;;;4982.5;4212.25
72800;BANANAS;4979;26;;;;;4986;26;;;;;4982.5;4427.75
72900;BANANAS;4980;2;4979.0;23.0;;;4986;25;;;;;4983.0;4213.25
73000;BANANAS;4980;24;;;;;4987;24;;;;;4983.5;4011.5
73100;BANANAS;4980;26;;;;;4987;26;;;;;4983.5;3733.0
73200;BANANAS;4981;1;4980.0;30.0;;;4987;30;;;;;4984.0;3739.0
73300;BANANAS;4981;2;4980.0;30.0;;;4987;32;;;;;4984.0;3679.25
73400;BANANAS;4981;2;4980.0;31.0;;;4982;1;4987.0;31.0;;;4981.5;3806.5
73500;BANANAS;4983;5;4980.0;20.0;;;4987;20;;;;;4985.0;4058.0
73600;BANANAS;4980;26;;;;;4987;26;;;;;4983.5;3960.5
73700;BANANAS;4980;30;;;;;4987;30;;;;;4983.5;3902.0
73800;BANANAS;4980;30;;;;;4986;30;;;;;4983.0;4181.5
73900;BANANAS;4980;26;;;;;4986;1;4987.0;26.0;;;4983.0;4047.75
74000;BANANAS;4979;29;;;;;4986;29;;;;;4982.5;4437.75
74100;BANANAS;4979;31;;;;;4986;31;;;;;4982.5;4478.25
74200;BANANAS;4983;2;4979.0;28.0;;;4985;1;4986.0;27.0;;;4984.0;4621.5
74300;BANANAS;4983;1;4979.0;25.0;;;4985;25;;;;;4984.0;4740.5
74400;BANANAS;4978;21;;;;;4985;21;;;;;4981.5;4984.75
74500;BANANAS;4979;1;4978.0;22.0;;;4985;23;;;;;4982.0;4777.5
74600;BANANAS;4979;31;;;;;4985;1;4986.0;30.0;;;4982.0;4650.75
74700;BANANAS;4979;26;;;;;4984;3;4986.0;26.0;;;4981.5;4384.75
74800;BANANAS;4979;26;;;;;4986;26;;;;;4982.5;4356.0
74900;BANANAS;4979;24;;;;;4986;24;;;;;4982.5;4648.5
75000;BANANAS;4979;30;;;;;4986;30;;;;;4982.5;4734.5
75100;BANANAS;4978;25;;;;;4985;25;;;;;4981.5;5003.0
75200;BANANAS;4978;22;;;;;4985;22;;;;;4981.5;4902.75
75300;BANANAS;4983;1;4979.0;27.0;;;4984;5;4986.0;27.0;;;4983.5;4631.5
75400;BANANAS;4979;30;;;;;4986;30;;;;;4982.5;4560.5
75500;BANANAS;4979;29;;;;;4985;1;4986.0;29.0;;;4982.0;4696.75
75600;BANANAS;4984;1;4979.0;10.0;4978.0;20.0;4985;22;;;;;4984.5;4784.25
75700;BANANAS;4979;22;;;;;4980;3;4985.0;22.0;;;4979.5;4741.5
75800;BANANAS;4979;2;4978.0;22.0;;;4985;22;;;;;4982.0;5073.5
75900;BANANAS;4978;32;;;;;4985;32;;;;;4981.5;5043.25
76000;BANANAS;4978;22;;;;;4983;1;4985.0;22.0;;;4980.5;5002.0
76100;BANANAS;4978;28;;;;;4983;9;4985.0;28.0;;;4980.5;5129.75
76200;BANANAS;4979;5;4978.0;26.0;;;4985;26;;;;;4982.0;5228.75
76300;BANANAS;4978;27;;;;;4983;9;4985.0;27.0;;;4980.5;5169.75
76400;BANANAS;4978;1;4977.0;26.0;;;4984;28;;;;;4981.0;5361.25
76500;BANANAS;4977;31;;;;;4984;31;;;;;4980.5;5536.25
76600;BANANAS;4978;4;4977.0;29.0;;;4984;31;;;;;4981.0;5358.25
76700;BANANAS;4978;7;4977.0;20.0;;;4984;22;;;;;4981.0;5310.75
76800;BANANAS;4978;26;;;;;4985;26;;;;;4981.5;4921.75
76900;BANANAS;4979;2;4978.0;31.0;;;4984;1;4985.0;30.0;;;4981.5;5159.0
77000;BANANAS;4977;25;;;;;4982;8;4984.0;25.0;;;4979.5;5582.5
77100;BANANAS;4978;5;4977.0;25.0;;;4984;27;;;;;4981.0;5367.0
77200;BANANAS;4978;28;;;;;4984;2;4985.0;26.0;;;4981.0;5148.0
77300;BANANAS;4977;30;;;;;4984;30;;;;;4980.5;5327.75
77400;BANANAS;4978;2;4977.0;28.0;;;4984;28;;;;;4981.0;5679.0
77500;BANANAS;4978;8;4977.0;20.0;;;4984;20;;;;;4981.0;5696.25
77600;BANANAS;4976;26;;;;;4983;26;;;;;4979.5;6114.25
77700;BANANAS;4977;6;4976.0;26.0;;;4983;26;;;;;4980.0;6201.75
77800;BANANAS;4981;1;4975.0;26.0;;;4982;26;;;;;4981.5;6721.5
77900;BANANAS;4975;30;;;;;4982;30;;;;;4978.5;6787.25
78000;BANANAS;4974;28;;;;;4981;28;;;;;4977.5;7293.75
78100;BANANAS;4979;1;4974.0;32.0;;;4981;32;;;;;4980.0;7357.25
78200;BANANAS;4975;20;;;;;4982;20;;;;;4978.5;7009.75
78300;BANANAS;4974;22;;;;;4977;4;4981.0;22.0;;;4975.5;7081.0
78400;BANANAS;4976;1;4975.0;28.0;;;4981;2;4982.0;26.0;;;4978.5;6899.75
78500;BANANAS;4975;2;4974.0;30.0;;;4981;32;;;;;4978.0;7044.5
78600;BANANAS;4974;30;;;;;4975;1;4979.0;7.0;4981.0;30.0;4974.5;7267.5
78700;BANANAS;4974;29;;;;;4980;29;;;;;4977.0;7635.5
78800;BANANAS;4974;23;;;;;4981;24;;;;;4977.5;7392.75
78900;BANANAS;4974;30;;;;;4981;30;;;;;4977.5;7453.0
79000;BANANAS;4975;1;4974.0;21.0;;;4981;22;;;;;4978.0;7067.5
79100;BANANAS;4978;2;4974.0;27.0;;;4981;27;;;;;4979.5;7372.5
79200;BANANAS;4974;30;;;;;4979;5;4981.0;30.0;;;4976.5;7438.0
79300;BANANAS;4977;4;4974.0;29.0;;;4981;29;;;;;4979.0;7429.5
79400;BANANAS;4974;20;;;;;4981;20;;;;;4977.5;7095.25
79500;BANANAS;4975;28;;;;;4982;28;;;;;4978.5;6661.0
79600;BANANAS;4975;27;;;;;4982;27;;;;;4978.5;6764.0
79700;BANANAS;4975;2;4974.0;30.0;;;4981;32;;;;;4978.0;7062.75
79800;BANANAS;4974;22;;;;;4980;2;4981.0;20.0;;;4977.0;7514.0
79900;BANANAS;4975;4;4974.0;23.0;;;4981;23;;;;;4978.0;7189.0
80000;BANANAS;4975;5;4974.0;30.0;;;4981;30;;;;;4978.0;7223.75
80100;BANANAS;4974;31;;;;;4979;5;4981.0;31.0;;;4976.5;7402.0
80200;BANANAS;4974;27;;;;;4981;27;;;;;4977.5;7428.25
80300;BANANAS;4973;30;;;;;4980;30;;;;;4976.5;8088.75
80400;BANANAS;4972;23;;;;;4979;23;;;;;4975.5;8538.75
80500;BANANAS;4973;1;4972.0;21.0;;;4977;8;4979.0;23.0;;;4975.0;8312.75
80600;BANANAS;4974;3;4973.0;27.0;;;4979;1;4980.0;26.0;;;4976.5;8226.25
80700;BANANAS;4973;29;;;;;4979;2;4980.0;27.0;;;4976.0;8201.75
80800;BANANAS;4972;25;;;;;4977;5;4979.0;25.0;;;4974.5;8469.25
80900;BANANAS;4973;2;4972.0;28.0;;;4979;30;;;;;4976.0;8331.25
81000;BANANAS;4973;32;;;;;4980;32;;;;;4976.5;7893.75
81100;BANANAS;4973;29;;;;;4978;6;4979.0;1.0;4980.0;28.0;4975.5;8218.5
81200;BANANAS;4973;27;;;;;4978;3;4979.0;1.0;4980.0;26.0;4975.5;8228.75
81300;BANANAS;4973;2;4972.0;20.0;;;4977;7;4979.0;22.0;;;4975.0;8355.25
81400;BANANAS;4973;23;;;;;4979;23;;;;;4976.0;8277.5
81500;BANANAS;4973;2;4972.0;28.0;;;4979;28;;;;;4976.0;8288.0
81600;BANANAS;4973;10;4972.0;20.0;;;4979;20;;;;;4976.0;8339.5
81700;BANANAS;4972;27;;;;;4977;7;4979.0;27.0;;;4974.5;8577.75
81800;BANANAS;4973;8;4972.0;29.0;;;4979;29;;;;;4976.0;8593.5
81900;BANANAS;4972;27;;;;;4978;2;4979.0;25.0;;;4975.0;8764.25
82000;BANANAS;4976;5;4972.0;32.0;;;4978;2;4979.0;30.0;;;4977.0;8815.75
82100;BANANAS;4972;21;;;;;4978;1;4979.0;21.0;;;4975.0;8847.5
82200;BANANAS;4977;1;4972.0;30.0;;;4979;30;;;;;4978.0;8693.75
82300;BANANAS;4972;27;;;;;4978;1;4979.0;26.0;;;4975.0;8857.5
82400;BANANAS;4972;2;4971.0;24.0;;;4978;26;;;;;4975.0;8955.0
82500;BANANAS;4972;26;;;;;4975;2;4979.0;26.0;;;4973.5;8694.25
82600;BANANAS;4973;6;4972.0;23.0;;;4978;2;4979.0;21.0;;;4975.5;8761.25
82700;BANANAS;4972;31;;;;;4978;1;4979.0;30.0;;;4975.0;8843.5
82800;BANANAS;4972;22;;;;;4979;22;;;;;4975.5;8635.25
82900;BANANAS;4972;23;;;;;4977;1;4979.0;23.0;;;4974.5;8579.75
83000;BANANAS;4972;31;;;;;4979;31;;;;;4975.5;8570.5
83100;BANANAS;4972;21;;;;;4979;21;;;;;4975.5;8528.5
83200;BANANAS;4972;28;;;;;4978;1;4979.0;27.0;;;4975.0;8861.5
83300;BANANAS;4972;22;;;;;4979;22;;;;;4975.5;8750.5
83400;BANANAS;4973;2;4972.0;28.0;;;4979;30;;;;;4976.0;8381.25
83500;BANANAS;4973;2;4972.0;27.0;;;4977;1;4979.0;29.0;;;4975.0;8242.5
83600;BANANAS;4972;25;;;;;4979;25;;;;;4975.5;8664.75
83700;BANANAS;4972;27;;;;;4979;27;;;;;4975.5;8576.0
83800;BANANAS;4972;32;;;;;4978;2;4979.0;30.0;;;4975.0;8830.0
83900;BANANAS;4977;1;4972.0;1.0;4971.0;26.0;4978;27;;;;;4977.5;8903.0
84000;BANANAS;4971;25;;;;;4978;25;;;;;4974.5;8881.25
84100;BANANAS;4971;26;;;;;4978;26;;;;;4974.5;9210.0
84200;BANANAS;4972;2;4971.0;25.0;;;4978;27;;;;;4975.0;8869.5
84300;BANANAS;4971;25;;;;;4978;25;;;;;4974.5;8870.5
84400;BANANAS;4972;30;;;;;4977;7;4978.0;2.0;4979.0;28.0;4974.5;8668.75
84500;BANANAS;4972;29;;;;;4977;6;4979.0;29.0;;;4974.5;8509.0
84600;BANANAS;4973;2;4972.0;26.0;;;4979;28;;;;;4976.0;8149.75
84700;BANANAS;4978;1;4973.0;28.0;;;4980;28;;;;;4979.0;7843.25
84800;BANANAS;4973;1;4972.0;23.0;;;4979;24;;;;;4976.0;8257.25
84900;BANANAS;4973;2;4972.0;26.0;;;4979;28;;;;;4976.0;8256.25
85000;BANANAS;4971;30;;;;;4978;30;;;;;4974.5;8847.75
85100;BANANAS;4972;1;4971.0;25.0;;;4976;2;4978.0;26.0;;;4974.0;8979.75
85200;BANANAS;4972;27;;;;;4973;3;4977.0;1.0;4978.0;1.0;4972.5;8795.75
85300;BANANAS;4975;5;4972.0;28.0;;;4977;6;4979.0;28.0;;;4976.0;8550.5
85400;BANANAS;4973;6;4972.0;28.0;;;4979;29;;;;;4976.0;8208.5
85500;BANANAS;4972;28;;;;;4975;3;4979.0;28.0;;;4973.5;8321.5
85600;BANANAS;4973;1;4972.0;28.0;;;4979;29;;;;;4976.0;8244.0
85700;BANANAS;4972;28;;;;;4979;28;;;;;4975.5;8227.25
85800;BANANAS;4974;7;4973.0;29.0;;;4980;29;;;;;4977.0;7847.0
85900;BANANAS;4974;2;4973.0;29.0;;;4980;30;;;;;4977.0;7354.5
86000;BANANAS;4973;22;;;;;4978;5;4980.0;23.0;;;4975.5;7463.75
86100;BANANAS;4976;3;4975.0;20.0;;;4982;20;;;;;4979.0;6391.5
86200;BANANAS;4975;28;;;;;4976;2;4982.0;28.0;;;4975.5;6402.5
86300;BANANAS;4975;28;;;;;4981;1;4982.0;28.0;;;4978.0;6509.75
86400;BANANAS;4975;31;;;;;4982;31;;;;;4978.5;6347.25
86500;BANANAS;4975;23;;;;;4982;23;;;;;4978.5;6138.25
86600;BANANAS;4975;22;;;;;4980;5;4982.0;22.0;;;4977.5;5990.75
86700;BANANAS;4975;21;;;;;4982;21;;;;;4978.5;6186.75
86800;BANANAS;4976;23;;;;;4981;7;4983.0;23.0;;;4978.5;5714.5
86900;BANANAS;4976;23;;;;;4981;1;4982.0;1.0;4983.0;22.0;4978.5;5707.25
87000;BANANAS;4976;22;;;;;4983;22;;;;;4979.5;5264.75
87100;BANANAS;4977;23;;;;;4984;23;;;;;4980.5;4865.0
87200;BANANAS;4977;5;4976.0;20.0;;;4983;20;;;;;4980.0;5243.75
87300;BANANAS;4976;30;;;;;4981;3;4983.0;30.0;;;4978.5;5538.75
87400;BANANAS;4975;28;;;;;4982;28;;;;;4978.5;5840.25
87500;BANANAS;4976;24;;;;;4981;5;4982.0;2.0;4983.0;22.0;4978.5;5721.5
87600;BANANAS;4976;30;;;;;4982;2;4983.0;28.0;;;4979.0;5685.0
87700;BANANAS;4976;20;;;;;4981;2;4983.0;20.0;;;4978.5;5610.5
87800;BANANAS;4975;20;;;;;4982;20;;;;;4978.5;5863.25
87900;BANANAS;4976;25;;;;;4982;25;;;;;4979.0;5740.75
88000;BANANAS;4976;27;;;;;4983;27;;;;;4979.5;5352.25
88100;BANANAS;4976;28;;;;;4982;28;;;;;4979.0;5768.25
88200;BANANAS;4975;26;;;;;4977;3;4982.0;26.0;;;4976.0;5834.75
88300;BANANAS;4977;1;4976.0;26.0;;;4982;26;;;;;4979.5;5758.0
88400;BANANAS;4981;1;4975.0;28.0;;;4982;28;;;;;4981.5;5804.25
88500;BANANAS;4976;2;4975.0;20.0;;;4982;22;;;;;4979.0;5870.75
88600;BANANAS;4976;25;;;;;4983;25;;;;;4979.5;5331.25
88700;BANANAS;4977;28;;;;;4984;28;;;;;4980.5;4941.25
88800;BANANAS;4978;5;4977.0;31.0;;;4984;31;;;;;4981.0;4684.75
88900;BANANAS;4977;27;;;;;4984;27;;;;;4980.5;4927.25
89000;BANANAS;4978;1;4977.0;23.0;;;4984;24;;;;;4981.0;4240.5
89100;BANANAS;4983;1;4978.0;29.0;;;4984;2;4985.0;27.0;;;4983.5;4134.5
89200;BANANAS;4978;2;4977.0;28.0;;;4984;30;;;;;4981.0;4320.0
89300;BANANAS;4977;25;;;;;4984;25;;;;;4980.5;4429.5
89400;BANANAS;4983;1;4977.0;23.0;;;4984;23;;;;;4983.5;4586.25
89500;BANANAS;4978;27;;;;;4985;27;;;;;4981.5;3935.5
89600;BANANAS;4978;26;;;;;4983;6;4985.0;26.0;;;4980.5;3877.25
89700;BANANAS;4978;30;;;;;4985;30;;;;;4981.5;3862.5
89800;BANANAS;4977;28;;;;;4984;28;;;;;4980.5;4533.0
89900;BANANAS;4978;10;4977.0;26.0;;;4984;26;;;;;4981.0;4309.75
90000;BANANAS;4977;23;;;;;4984;24;;;;;4980.5;4638.25
90100;BANANAS;4977;28;;;;;4983;28;;;;;4980.0;4992.5
90200;BANANAS;4977;21;;;;;4984;21;;;;;4980.5;4810.5
90300;BANANAS;4977;8;4976.0;23.0;;;4983;23;;;;;4980.0;5082.5
90400;BANANAS;4977;25;;;;;4982;1;4984.0;25.0;;;4979.5;4828.25
90500;BANANAS;4977;24;;;;;4984;24;;;;;4980.5;4485.25
90600;BANANAS;4982;1;4977.0;10.0;4976.0;25.0;4983;25;;;;;4982.5;5044.5
90700;BANANAS;4977;1;4976.0;27.0;;;4981;6;4983.0;28.0;;;4979.0;5091.25
90800;BANANAS;4976;26;;;;;4982;1;4983.0;25.0;;;4979.0;5583.5
90900;BANANAS;4976;26;;;;;4983;26;;;;;4979.5;5607.75
91000;BANANAS;4976;31;;;;;4977;1;4983.0;31.0;;;4976.5;5329.75
91100;BANANAS;4979;1;4976.0;23.0;;;4982;2;4983.0;21.0;;;4980.5;5754.75
91200;BANANAS;4976;26;;;;;4983;26;;;;;4979.5;5200.25
91300;BANANAS;4976;27;;;;;4983;27;;;;;4979.5;5301.5
91400;BANANAS;4976;22;;;;;4983;22;;;;;4979.5;5673.75
91500;BANANAS;4976;25;;;;;4983;26;;;;;4979.5;5714.5
91600;BANANAS;4980;4;4976.0;30.0;;;4981;9;4983.0;30.0;;;4980.5;5473.75
91700;BANANAS;4976;2;4975.0;21.0;;;4982;23;;;;;4979.0;5907.25
91800;BANANAS;4975;24;;;;;4982;24;;;;;4978.5;5912.25
91900;BANANAS;4975;21;;;;;4982;22;;;;;4978.5;6341.5
92000;BANANAS;4975;28;;;;;4982;28;;;;;4978.5;5972.75
92100;BANANAS;4976;1;4975.0;21.0;;;4978;3;4982.0;22.0;;;4977.0;5930.25
92200;BANANAS;4975;30;;;;;4982;30;;;;;4978.5;6068.75
92300;BANANAS;4976;28;;;;;4977;1;4981.0;6.0;4982.0;2.0;4976.5;5749.75
92400;BANANAS;4975;27;;;;;4982;27;;;;;4978.5;6153.5
92500;BANANAS;4975;27;;;;;4976;11;4982.0;28.0;;;4975.5;6279.25
92600;BANANAS;4976;22;;;;;4982;1;4983.0;22.0;;;4979.0;5672.0
92700;BANANAS;4976;20;;;;;4982;20;;;;;4979.0;5717.75
92800;BANANAS;4976;22;;;;;4983;22;;;;;4979.5;5294.0
92900;BANANAS;4976;21;;;;;4983;21;;;;;4979.5;5238.75
93000;BANANAS;4976;22;;;;;4983;22;;;;;4979.5;5467.75
93100;BANANAS;4976;21;;;;;4982;1;4983.0;20.0;;;4979.0;5553.0
93200;BANANAS;4976;30;;;;;4982;2;4983.0;28.0;;;4979.0;5535.75
93300;BANANAS;4977;8;4976.0;25.0;;;4982;1;4983.0;24.0;;;4979.5;5672.75
93400;BANANAS;4980;5;4975.0;26.0;;;4982;26;;;;;4981.0;5939.75
93500;BANANAS;4975;28;;;;;4982;28;;;;;4978.5;6203.25
93600;BANANAS;4974;30;;;;;4979;8;4981.0;30.0;;;4976.5;6685.0
93700;BANANAS;4974;29;;;;;4979;8;4981.0;29.0;;;4976.5;6657.0
93800;BANANAS;4975;2;4974.0;26.0;;;4981;28;;;;;4978.0;6539.0
93900;BANANAS;4975;28;;;;;4978;4;4982.0;28.0;;;4976.5;6307.25
94000;BANANAS;4974;30;;;;;4981;30;;;;;4977.5;6892.0
94100;BANANAS;4974;28;;;;;4979;9;4981.0;28.0;;;4976.5;6640.25
94200;BANANAS;4975;1;4974.0;24.0;;;4981;25;;;;;4978.0;6653.25
94300;BANANAS;4974;21;;;;;4975;8;4981.0;22.0;;;4974.5;7115.0
94400;BANANAS;4974;23;;;;;4981;24;;;;;4977.5;7088.0
94500;BANANAS;4974;23;;;;;4975;1;4981.0;23.0;;;4974.5;6834.25
94600;BANANAS;4974;30;;;;;4981;30;;;;;4977.5;6674.5
94700;BANANAS;4975;22;;;;;4981;2;4982.0;20.0;;;4978.0;6449.25
94800;BANANAS;4975;26;;;;;4980;6;4982.0;26.0;;;4977.5;6153.75
94900;BANANAS;4975;30;;;;;4982;30;;;;;4978.5;5873.75
95000;BANANAS;4976;2;4975.0;21.0;;;4982;23;;;;;4979.0;5893.0
95100;BANANAS;4975;2;4974.0;23.0;;;4981;25;;;;;4978.0;6569.0
95200;BANANAS;4974;23;;;;;4981;23;;;;;4977.5;6815.0
95300;BANANAS;4974;30;;;;;4981;31;;;;;4977.5;6705.25
95400;BANANAS;4974;25;;;;;4981;25;;;;;4977.5;6856.75
95500;BANANAS;4974;21;;;;;4979;10;4981.0;21.0;;;4976.5;6642.75
95600;BANANAS;4980;1;4979.0;2.0;4975.0;22.0;4981;1;4982.0;21.0;;;4980.5;6392.75
95700;BANANAS;4975;32;;;;;4981;2;4982.0;30.0;;;4978.0;6388.0
95800;BANANAS;4975;25;;;;;4982;26;;;;;4978.5;5783.25
95900;BANANAS;4975;25;;;;;4980;4;4982.0;25.0;;;4977.5;6108.75
96000;BANANAS;4976;7;4975.0;21.0;;;4982;21;;;;;4979.0;5813.25
96100;BANANAS;4975;30;;;;;4977;4;4982.0;30.0;;;4976.0;5974.0
96200;BANANAS;4980;3;4975.0;29.0;;;4982;29;;;;;4981.0;6238.0
96300;BANANAS;4975;24;;;;;4982;24;;;;;4978.5;6052.25
96400;BANANAS;4976;3;4975.0;27.0;;;4982;27;;;;;4979.0;6261.5
96500;BANANAS;4975;23;;;;;4982;23;;;;;4978.5;5986.5
96600;BANANAS;4976;6;4975.0;31.0;;;4981;2;4982.0;29.0;;;4978.5;6376.5
96700;BANANAS;4975;25;;;;;4980;10;4981.0;2.0;4982.0;23.0;4977.5;6372.25
96800;BANANAS;4980;1;4975.0;2.0;4974.0;25.0;4981;27;;;;;4980.5;6655.5
96900;BANANAS;4975;10;4974.0;21.0;;;4981;21;;;;;4978.0;6742.25
97000;BANANAS;4974;24;;;;;4981;24;;;;;4977.5;6871.25
97100;BANANAS;4974;20;;;;;4979;2;4981.0;20.0;;;4976.5;7248.75
97200;BANANAS;4974;22;;;;;4981;22;;;;;4977.5;7040.75
97300;BANANAS;4974;2;4973.0;30.0;;;4975;5;4980.0;32.0;;;4974.5;7456.75
97400;BANANAS;4977;1;4974.0;5.0;4973.0;31.0;4980;31;;;;;4978.5;7784.0
97500;BANANAS;4974;6;4973.0;21.0;;;4980;22;;;;;4977.0;7497.75
97600;BANANAS;4974;31;;;;;4980;1;4981.0;30.0;;;4977.0;7184.5
97700;BANANAS;4974;32;;;;;4979;9;4981.0;32.0;;;4976.5;6971.5
97800;BANANAS;4974;24;;;;;4981;24;;;;;4977.5;6866.25
97900;BANANAS;4975;30;;;;;4982;30;;;;;4978.5;6123.5
98000;BANANAS;4975;1;4974.0;30.0;;;4981;31;;;;;4978.0;6527.75
98100;BANANAS;4974;27;;;;;4977;3;4981.0;27.0;;;4975.5;6781.25
98200;BANANAS;4974;26;;;;;4981;27;;;;;4977.5;7110.5
98300;BANANAS;4974;26;;;;;4981;26;;;;;4977.5;6819.75
98400;BANANAS;4974;26;;;;;4975;1;4977.0;1.0;4981.0;26.0;4974.5;6704.5
98500;BANANAS;4975;25;;;;;4981;1;4982.0;24.0;;;4978.0;6336.0
98600;BANANAS;4975;20;;;;;4980;10;4982.0;20.0;;;4977.5;6017.0
98700;BANANAS;4975;29;;;;;4980;1;4982.0;29.0;;;4977.5;6098.5
98800;BANANAS;4975;32;;;;;4981;2;4982.0;30.0;;;4978.0;6379.0
98900;BANANAS;4974;25;;;;;4981;25;;;;;4977.5;6726.5
99000;BANANAS;4975;23;;;;;4976;11;4982.0;23.0;;;4975.5;5990.0
99100;BANANAS;4976;2;4975.0;20.0;;;4982;22;;;;;4979.0;5639.0
99200;BANANAS;4981;1;4976.0;31.0;;;4982;2;4983.0;29.0;;;4981.5;5443.5
99300;BANANAS;4976;21;;;;;4982;1;4983.0;20.0;;;4979.0;5564.5
99400;BANANAS;4976;2;4975.0;24.0;;;4980;10;4982.0;26.0;;;4978.0;5637.5
99500;BANANAS;4981;1;4980.0;3.0;4976.0;2.0;4982;30;;;;;4981.5;5760.5
99600;BANANAS;4975;28;;;;;4982;28;;;;;4978.5;5939.5
99700;BANANAS;4974;31;;;;;4981;31;;;;;4977.5;6780.5
99800;BANANAS;4974;29;;;;;4981;29;;;;;4977.5;6808.0
99900;BANANAS;4975;10;4974.0;28.0;;;4981;28;;;;;4978.0;6946.5
100000;BANANAS;4974;30;;;;;4981;30;;;;;4977.5;6851.5
100100;BANANAS;4974;28;;;;;4975;1;4981.0;28.0;;;4974.5;6785.0
100200;BANANAS;4975;22;;;;;4976;4;4982.0;22.0;;;4975.5;6494.0
100300;BANANAS;4975;28;;;;;4981;1;4982.0;27.0;;;4978.0;6504.0
100400;BANANAS;4980;1;4976.0;5.0;4975.0;21.0;4982;21;;;;;4981.0;6233.0
100500;BANANAS;4975;7;4974.0;24.0;;;4981;24;;;;;4978.0;7128.5
100600;BANANAS;4974;2;4973.0;30.0;;;4980;31;;;;;4977.0;7516.5
100700;BANANAS;4975;5;4974.0;27.0;;;4981;27;;;;;4978.0;6923.0
100800;BANANAS;4974;22;;;;;4979;10;4980.0;1.0;4981.0;21.0;4976.5;7352.5
100900;BANANAS;4974;2;4973.0;24.0;;;4980;26;;;;;4977.0;7454.5
101000;BANANAS;4975;9;4974.0;21.0;;;4980;1;4981.0;20.0;;;4977.5;7215.0
101100;BANANAS;4974;1;4973.0;27.0;;;4975;5;4980.0;28.0;;;4974.5;7527.0
101200;BANANAS;4974;23;;;;;4980;2;4981.0;21.0;;;4977.0;7282.0
101300;BANANAS;4973;28;;;;;4980;28;;;;;4976.5;7783.5
101400;BANANAS;4973;2;4972.0;24.0;;;4979;26;;;;;4976.0;8454.0
101500;BANANAS;4972;26;;;;;4977;9;4979.0;26.0;;;4974.5;8921.0
101600;BANANAS;4971;28;;;;;4978;28;;;;;4974.5;9501.0
101700;BANANAS;4972;1;4971.0;22.0;;;4978;22;;;;;4975.0;9512.5
101800;BANANAS;4971;23;;;;;4976;7;4978.0;23.0;;;4973.5;9628.5
101900;BANANAS;4971;21;;;;;4978;21;;;;;4974.5;9523.0
102000;BANANAS;4971;25;;;;;4977;1;4978.0;24.0;;;4974.0;9889.0
102100;BANANAS;4977;9;4973.0;2.0;4972.0;23.0;4978;1;4979.0;22.0;;;4977.5;9009.5
102200;BANANAS;4972;31;;;;;4978;2;4979.0;29.0;;;4975.0;9048.5
102300;BANANAS;4972;30;;;;;4977;3;4978.0;1.0;4979.0;29.0;4974.5;9075.5
102400;BANANAS;4972;30;;;;;4979;31;;;;;4975.5;8919.0
102500;BANANAS;4972;30;;;;;4975;2;4978.0;2.0;4979.0;28.0;4973.5;9011.5
102600;BANANAS;4972;1;4971.0;22.0;;;4978;23;;;;;4975.0;9238.0
102700;BANANAS;4972;1;4971.0;21.0;;;4978;22;;;;;4975.0;9213.5
102800;BANANAS;4972;29;;;;;4979;29;;;;;4975.5;8898.0
102900;BANANAS;4977;3;4972.0;25.0;;;4979;25;;;;;4978.0;8671.0
103000;BANANAS;4973;2;4972.0;28.0;;;4979;30;;;;;4976.0;8393.0
103100;BANANAS;4972;22;;;;;4979;22;;;;;4975.5;8600.0
103200;BANANAS;4972;24;;;;;4979;24;;;;;4975.5;8874.5
103300;BANANAS;4976;5;4974.0;7.0;4973.0;21.0;4980;21;;;;;4978.0;8164.0
103400;BANANAS;4973;29;;;;;4979;1;4980.0;28.0;;;4976.0;8254.5
103500;BANANAS;4973;31;;;;;4979;2;4980.0;29.0;;;4976.0;8089.5
103600;BANANAS;4979;1;4978.0;1.0;4973.0;31.0;4980;31;;;;;4979.5;7830.5
103700;BANANAS;4974;22;;;;;4980;2;4981.0;20.0;;;4977.0;7328.0
103800;BANANAS;4973;31;;;;;4978;9;4980.0;31.0;;;4975.5;7815.5
103900;BANANAS;4973;22;;;;;4980;22;;;;;4976.5;7992.5
104000;BANANAS;4973;29;;;;;4980;29;;;;;4976.5;8152.0
104100;BANANAS;4973;30;;;;;4980;30;;;;;4976.5;8265.0
104200;BANANAS;4972;23;;;;;4977;4;4979.0;23.0;;;4974.5;9131.5
104300;BANANAS;4972;24;;;;;4977;2;4978.0;1.0;4979.0;23.0;4974.5;9170.5
104400;BANANAS;4970;21;;;;;4977;21;;;;;4973.5;10209.0
104500;BANANAS;4971;25;;;;;4978;25;;;;;4974.5;10099.0
104600;BANANAS;4971;27;;;;;4977;1;4978.0;26.0;;;4974.0;9911.0
104700;BANANAS;4971;24;;;;;4976;7;4978.0;25.0;;;4973.5;9698.0
104800;BANANAS;4971;1;4970.0;25.0;;;4977;27;;;;;4974.0;10131.0
104900;BANANAS;4971;28;;;;;4976;9;4978.0;28.0;;;4973.5;9795.0
105000;BANANAS;4971;31;;;;;4977;31;;;;;4974.0;10109.5
105100;BANANAS;4970;29;;;;;4977;29;;;;;4973.5;10554.0
105200;BANANAS;4970;21;;;;;4976;2;4977.0;20.0;;;4973.0;10907.0
105300;BANANAS;4969;23;;;;;4974;2;4976.0;23.0;;;4971.5;11215.5
105400;BANANAS;4969;29;;;;;4976;29;;;;;4972.5;11157.5
105500;BANANAS;4970;22;;;;;4975;7;4976.0;1.0;4977.0;21.0;4972.5;10865.0
105600;BANANAS;4969;29;;;;;4976;29;;;;;4972.5;11624.0
105700;BANANAS;4969;31;;;;;4975;1;4976.0;30.0;;;4972.0;11822.5
105800;BANANAS;4970;1;4969.0;28.0;;;4976;28;;;;;4973.0;11501.5
105900;BANANAS;4969;27;;;;;4974;9;4976.0;27.0;;;4971.5;11431.5
106000;BANANAS;4974;2;4970.0;1.0;4969.0;23.0;4976;23;;;;;4975.0;11252.5
106100;BANANAS;4969;26;;;;;4975;2;4976.0;24.0;;;4972.0;11793.5
106200;BANANAS;4969;23;;;;;4974;8;4976.0;23.0;;;4971.5;11453.5
106300;BANANAS;4969;2;4968.0;20.0;;;4975;22;;;;;4972.0;12018.0
106400;BANANAS;4969;1;4968.0;25.0;;;4975;26;;;;;4972.0;11950.5
106500;BANANAS;4970;2;4969.0;22.0;;;4976;22;;;;;4973.0;11462.0
106600;BANANAS;4970;20;;;;;4977;20;;;;;4973.5;10817.5
106700;BANANAS;4970;30;;;;;4971;4;4975.0;10.0;4977.0;30.0;4970.5;10632.0
106800;BANANAS;4970;23;;;;;4971;11;4977.0;23.0;;;4970.5;10301.0
106900;BANANAS;4970;23;;;;;4977;23;;;;;4973.5;10495.5
107000;BANANAS;4970;27;;;;;4971;1;4975.0;5.0;4977.0;27.0;4970.5;10674.0
107100;BANANAS;4976;1;4971.0;1.0;4970.0;29.0;4977;30;;;;;4976.5;10240.0
107200;BANANAS;4970;26;;;;;4977;26;;;;;4973.5;10240.0
107300;BANANAS;4971;1;4970.0;28.0;;;4977;29;;;;;4974.0;10287.5
107400;BANANAS;4970;25;;;;;4977;25;;;;;4973.5;10810.5
107500;BANANAS;4970;25;;;;;4975;7;4977.0;25.0;;;4972.5;10755.5
107600;BANANAS;4970;22;;;;;4977;22;;;;;4973.5;10534.5
107700;BANANAS;4970;22;;;;;4976;2;4977.0;20.0;;;4973.0;10831.5
107800;BANANAS;4970;22;;;;;4975;2;4976.0;1.0;4977.0;21.0;4972.5;11030.5
107900;BANANAS;4971;3;4970.0;25.0;;;4977;25;;;;;4974.0;10438.5
108000;BANANAS;4971;6;4970.0;32.0;;;4977;32;;;;;4974.0;10372.0
108100;BANANAS;4970;29;;;;;4977;29;;;;;4973.5;10522.0
108200;BANANAS;4970;25;;;;;4976;2;4977.0;23.0;;;4973.0;10954.5
108300;BANANAS;4970;2;4969.0;25.0;;;4974;8;4976.0;27.0;;;4972.0;11190.5
108400;BANANAS;4975;1;4970.0;1.0;4969.0;26.0;4976;27;;;;;4975.5;11286.5
108500;BANANAS;4970;26;;;;;4977;26;;;;;4973.5;10768.5
108600;BANANAS;4971;9;4970.0;26.0;;;4976;2;4977.0;24.0;;;4973.5;11044.5
108700;BANANAS;4970;26;;;;;4977;26;;;;;4973.5;10355.5
108800;BANANAS;4970;20;;;;;4973;5;4977.0;21.0;;;4971.5;10710.0
108900;BANANAS;4970;28;;;;;4977;28;;;;;4973.5;10848.5
109000;BANANAS;4970;22;;;;;4977;22;;;;;4973.5;10528.0
109100;BANANAS;4973;6;4970.0;23.0;;;4975;2;4977.0;23.0;;;4974.0;10621.0
109200;BANANAS;4970;26;;;;;4976;1;4977.0;25.0;;;4973.0;10941.5
109300;BANANAS;4970;23;;;;;4977;23;;;;;4973.5;10993.5
109400;BANANAS;4975;1;4970.0;30.0;;;4977;30;;;;;4976.0;10821.0
109500;BANANAS;4969;22;;;;;4974;1;4976.0;22.0;;;4971.5;11485.0
109600;BANANAS;4969;23;;;;;4974;6;4976.0;23.0;;;4971.5;11581.5
109700;BANANAS;4970;2;4969.0;28.0;;;4976;28;;;;;4973.0;11624.5
109800;BANANAS;4969;29;;;;;4974;9;4976.0;29.0;;;4971.5;11781.0
109900;BANANAS;4969;26;;;;;4976;26;;;;;4972.5;11498.5
110000;BANANAS;4969;30;;;;;4974;9;4976.0;30.0;;;4971.5;11722.0
110100;BANANAS;4969;24;;;;;4975;1;4976.0;23.0;;;4972.0;11870.0
110200;BANANAS;4969;23;;;;;4976;23;;;;;4972.5;11856.5
110300;BANANAS;4969;30;;;;;4976;30;;;;;4972.5;11575.0
110400;BANANAS;4969;29;;;;;4976;29;;;;;4972.5;11661.5
110500;BANANAS;4970;23;;;;;4975;9;4976.0;1.0;4977.0;22.0;4972.5;11038.0
110600;BANANAS;4969;23;;;;;4976;23;;;;;4972.5;11393.5
110700;BANANAS;4970;22;;;;;4977;22;;;;;4973.5;10891.0
110800;BANANAS;4969;27;;;;;4976;27;;;;;4972.5;11227.5
110900;BANANAS;4970;2;4969.0;30.0;;;4976;32;;;;;4973.0;11292.0
111000;BANANAS;4970;9;4969.0;27.0;;;4976;28;;;;;4973.0;11150.0
111100;BANANAS;4971;9;4970.0;21.0;;;4977;21;;;;;4974.0;10347.0
111200;BANANAS;4971;27;;;;;4977;1;4978.0;26.0;;;4974.0;9998.0
111300;BANANAS;4970;20;;;;;4977;20;;;;;4973.5;10157.5
111400;BANANAS;4971;28;;;;;4978;28;;;;;4974.5;9645.5
111500;BANANAS;4971;25;;;;;4976;8;4978.0;25.0;;;4973.5;9730.0
111600;BANANAS;4976;1;4971.0;31.0;;;4977;2;4978.0;29.0;;;4976.5;10040.5
111700;BANANAS;4971;28;;;;;4977;2;4978.0;26.0;;;4974.0;9865.5
111800;BANANAS;4971;26;;;;;4978;26;;;;;4974.5;9829.0
111900;BANANAS;4971;26;;;;;4978;26;;;;;4974.5;9457.0
112000;BANANAS;4971;28;;;;;4976;8;4978.0;28.0;;;4973.5;9673.0
112100;BANANAS;4971;25;;;;;4978;25;;;;;4974.5;9524.5
112200;BANANAS;4971;29;;;;;4976;6;4978.0;29.0;;;4973.5;9276.5
112300;BANANAS;4972;7;4971.0;21.0;;;4978;23;;;;;4975.0;9165.5
112400;BANANAS;4972;2;4971.0;27.0;;;4976;1;4978.0;29.0;;;4974.0;9179.5
112500;BANANAS;4971;27;;;;;4978;27;;;;;4974.5;9455.5
112600;BANANAS;4972;30;;;;;4978;1;4979.0;29.0;;;4975.0;9101.0
112700;BANANAS;4972;22;;;;;4978;1;4979.0;21.0;;;4975.0;9048.0
112800;BANANAS;4972;22;;;;;4979;22;;;;;4975.5;8854.0
112900;BANANAS;4972;23;;;;;4979;23;;;;;4975.5;8992.5
113000;BANANAS;4973;10;4972.0;24.0;;;4978;1;4979.0;23.0;;;4975.5;8988.5
113100;BANANAS;4977;1;4972.0;1.0;4971.0;24.0;4978;25;;;;;4977.5;9396.5
113200;BANANAS;4976;1;4972.0;6.0;4971.0;28.0;4978;28;;;;;4977.0;9367.0
113300;BANANAS;4976;1;4972.0;21.0;;;4978;1;4979.0;20.0;;;4977.0;9066.5
113400;BANANAS;4972;21;;;;;4978;1;4979.0;20.0;;;4975.0;9031.5
113500;BANANAS;4972;20;;;;;4979;20;;;;;4975.5;8696.5
113600;BANANAS;4972;28;;;;;4973;1;4979.0;28.0;;;4972.5;8573.5
113700;BANANAS;4978;1;4973.0;26.0;;;4979;2;4980.0;24.0;;;4978.5;8036.5
113800;BANANAS;4973;28;;;;;4979;2;4980.0;26.0;;;4976.0;8114.5
113900;BANANAS;4977;11;4972.0;28.0;;;4979;28;;;;;4978.0;8756.5
114000;BANANAS;4972;26;;;;;4979;26;;;;;4975.5;8586.0
114100;BANANAS;4972;28;;;;;4979;28;;;;;4975.5;8652.0
114200;BANANAS;4972;28;;;;;4978;1;4979.0;27.0;;;4975.0;9038.5
114300;BANANAS;4972;21;;;;;4977;7;4979.0;22.0;;;4974.5;8778.5
114400;BANANAS;4976;5;4973.0;2.0;4972.0;25.0;4979;25;;;;;4977.5;8674.5
114500;BANANAS;4972;28;;;;;4979;28;;;;;4975.5;8499.0
114600;BANANAS;4972;21;;;;;4979;21;;;;;4975.5;8631.0
114700;BANANAS;4972;26;;;;;4975;6;4979.0;26.0;;;4973.5;8554.0
114800;BANANAS;4972;31;;;;;4979;31;;;;;4975.5;8454.0
114900;BANANAS;4973;25;;;;;4980;25;;;;;4976.5;7751.5
115000;BANANAS;4973;23;;;;;4976;4;4979.0;2.0;4980.0;22.0;4974.5;8020.5
115100;BANANAS;4973;26;;;;;4979;2;4980.0;24.0;;;4976.0;8025.5
115200;BANANAS;4973;21;;;;;4979;2;4980.0;20.0;;;4976.0;7879.0
115300;BANANAS;4972;28;;;;;4977;5;4979.0;28.0;;;4974.5;8566.5
115400;BANANAS;4971;26;;;;;4974;6;4978.0;26.0;;;4972.5;9204.0
115500;BANANAS;4973;2;4972.0;28.0;;;4979;30;;;;;4976.0;8333.5
115600;BANANAS;4973;2;4972.0;27.0;;;4979;27;;;;;4976.0;9041.0
115700;BANANAS;4973;10;4972.0;25.0;;;4979;25;;;;;4976.0;8811.5
115800;BANANAS;4977;1;4972.0;1.0;4971.0;30.0;4978;31;;;;;4977.5;9151.5
115900;BANANAS;4971;23;;;;;4978;23;;;;;4974.5;9459.5
116000;BANANAS;4971;3;4970.0;26.0;;;4977;27;;;;;4974.0;10253.5
116100;BANANAS;4970;32;;;;;4975;3;4977.0;32.0;;;4972.5;10614.5
116200;BANANAS;4971;1;4970.0;22.0;;;4977;23;;;;;4974.0;10301.5
116300;BANANAS;4973;2;4970.0;25.0;;;4977;25;;;;;4975.0;10857.5
116400;BANANAS;4970;23;;;;;4977;23;;;;;4973.5;10620.5
116500;BANANAS;4970;30;;;;;4977;30;;;;;4973.5;10495.5
116600;BANANAS;4972;2;4971.0;22.0;;;4978;22;;;;;4975.0;9689.0
116700;BANANAS;4976;1;4972.0;7.0;4971.0;30.0;4977;1;4978.0;29.0;;;4976.5;9880.0
116800;BANANAS;4971;25;;;;;4978;25;;;;;4974.5;9376.5
116900;BANANAS;4973;5;4972.0;32.0;;;4978;2;4979.0;30.0;;;4975.5;9021.5
117000;BANANAS;4973;8;4972.0;24.0;;;4978;24;;;;;4975.5;9137.5
117100;BANANAS;4971;27;;;;;4976;1;4978.0;27.0;;;4973.5;9803.5
117200;BANANAS;4972;2;4971.0;24.0;;;4976;5;4978.0;26.0;;;4974.0;9200.5
117300;BANANAS;4971;27;;;;;4978;27;;;;;4974.5;9747.5
117400;BANANAS;4971;28;;;;;4977;2;4978.0;26.0;;;4974.0;9938.0
117500;BANANAS;4971;26;;;;;4976;1;4978.0;26.0;;;4973.5;9584.5
117600;BANANAS;4973;6;4972.0;23.0;;;4978;23;;;;;4975.5;9139.0
117700;BANANAS;4971;27;;;;;4976;3;4978.0;27.0;;;4973.5;9480.5
117800;BANANAS;4971;26;;;;;4978;26;;;;;4974.5;9494.5
117900;BANANAS;4972;3;4971.0;22.0;;;4978;22;;;;;4975.0;9598.5
118000;BANANAS;4972;28;;;;;4978;28;;;;;4975.0;9126.0
118100;BANANAS;4973;29;;;;;4977;1;4979.0;29.0;;;4975.0;8119.0
118200;BANANAS;4972;29;;;;;4973;7;4979.0;29.0;;;4972.5;8854.0
118300;BANANAS;4972;26;;;;;4979;26;;;;;4975.5;8468.5
118400;BANANAS;4971;23;;;;;4978;23;;;;;4974.5;9624.0
118500;BANANAS;4972;3;4971.0;30.0;;;4978;30;;;;;4975.0;9619.0
118600;BANANAS;4971;30;;;;;4976;10;4977.0;1.0;4978.0;30.0;4973.5;10065.0
118700;BANANAS;4971;28;;;;;4978;28;;;;;4974.5;9260.0
118800;BANANAS;4972;1;4971.0;28.0;;;4978;29;;;;;4975.0;9193.5
118900;BANANAS;4971;29;;;;;4978;29;;;;;4974.5;9492.5
119000;BANANAS;4976;1;4971.0;32.0;;;4978;32;;;;;4977.0;9695.0
119100;BANANAS;4971;23;;;;;4977;1;4978.0;22.0;;;4974.0;9928.5
119200;BANANAS;4971;27;;;;;4978;27;;;;;4974.5;9853.0
119300;BANANAS;4971;29;;;;;4976;5;4977.0;2.0;4978.0;27.0;4973.5;9918.0
119400;BANANAS;4971;24;;;;;4978;24;;;;;4974.5;9655.0
119500;BANANAS;4973;6;4972.0;27.0;;;4978;1;4979.0;26.0;;;4975.5;8996.5
119600;BANANAS;4972;21;;;;;4979;21;;;;;4975.5;8711.5
119700;BANANAS;4972;1;4971.0;28.0;;;4978;30;;;;;4975.0;9210.0
119800;BANANAS;4972;4;4971.0;31.0;;;4977;2;4978.0;29.0;;;4974.5;9874.0
119900;BANANAS;4970;27;;;;;4975;2;4977.0;27.0;;;4972.5;10183.5
120000;BANANAS;4972;2;4971.0;23.0;;;4978;23;;;;;4975.0;9754.0
120100;BANANAS;4971;27;;;;;4976;6;4977.0;1.0;4978.0;26.0;4973.5;9892.0
120200;BANANAS;4970;21;;;;;4971;1;4975.0;8.0;4977.0;21.0;4970.5;10165.5
120300;BANANAS;4971;29;;;;;4977;29;;;;;4974.0;10109.5
120400;BANANAS;4970;31;;;;;4977;31;;;;;4973.5;10689.0
120500;BANANAS;4970;31;;;;;4974;4;4976.0;31.0;;;4972.0;11155.0
120600;BANANAS;4970;28;;;;;4976;1;4977.0;27.0;;;4973.0;10947.5
120700;BANANAS;4970;28;;;;;4976;1;4977.0;28.0;;;4973.0;11069.0
120800;BANANAS;4975;1;4970.0;5.0;4969.0;28.0;4976;29;;;;;4975.5;11255.5
120900;BANANAS;4970;30;;;;;4976;30;;;;;4973.0;11128.5
121000;BANANAS;4974;3;4970.0;2.0;4969.0;25.0;4976;27;;;;;4975.0;11368.5
121100;BANANAS;4969;27;;;;;4976;27;;;;;4972.5;11650.5
121200;BANANAS;4969;24;;;;;4976;24;;;;;4972.5;11839.0
121300;BANANAS;4969;23;;;;;4976;23;;;;;4972.5;11593.5
121400;BANANAS;4969;26;;;;;4971;5;4976.0;26.0;;;4970.0;11570.0
121500;BANANAS;4969;25;;;;;4975;2;4976.0;23.0;;;4972.0;12059.5
121600;BANANAS;4969;30;;;;;4975;30;;;;;4972.0;12184.0
121700;BANANAS;4969;27;;;;;4976;27;;;;;4972.5;11920.0
121800;BANANAS;4970;1;4969.0;22.0;;;4976;23;;;;;4973.0;11155.0
121900;BANANAS;4969;24;;;;;4976;24;;;;;4972.5;11623.0
122000;BANANAS;4969;22;;;;;4976;22;;;;;4972.5;11485.5
122100;BANANAS;4970;9;4969.0;21.0;;;4976;21;;;;;4973.0;11592.5
122200;BANANAS;4969;20;;;;;4976;20;;;;;4972.5;11255.5
122300;BANANAS;4971;7;4970.0;32.0;;;4976;2;4977.0;30.0;;;4973.5;11072.0
122400;BANANAS;4970;20;;;;;4977;20;;;;;4973.5;10470.0
122500;BANANAS;4971;4;4970.0;21.0;;;4977;22;;;;;4974.0;10258.5
122600;BANANAS;4970;29;;;;;4977;29;;;;;4973.5;10482.5
122700;BANANAS;4970;26;;;;;4975;10;4977.0;27.0;;;4972.5;10700.5
122800;BANANAS;4970;26;;;;;4977;26;;;;;4973.5;10535.0
122900;BANANAS;4971;1;4970.0;27.0;;;4977;28;;;;;4974.0;10374.0
123000;BANANAS;4971;24;;;;;4972;1;4978.0;24.0;;;4971.5;9392.0
123100;BANANAS;4975;5;4972.0;32.0;;;4979;32;;;;;4977.0;8699.0
123200;BANANAS;4972;1;4971.0;29.0;;;4976;6;4978.0;30.0;;;4974.0;9184.5
123300;BANANAS;4972;28;;;;;4979;28;;;;;4975.5;9040.5
123400;BANANAS;4971;25;;;;;4978;25;;;;;4974.5;9591.0
123500;BANANAS;4971;2;4970.0;26.0;;;4977;26;;;;;4974.0;10276.0
123600;BANANAS;4971;28;;;;;4976;10;4978.0;28.0;;;4973.5;9969.5
123700;BANANAS;4971;31;;;;;4978;31;;;;;4974.5;9742.5
123800;BANANAS;4971;2;4970.0;22.0;;;4977;24;;;;;4974.0;10172.0
123900;BANANAS;4977;1;4971.0;27.0;;;4978;27;;;;;4977.5;9494.5
124000;BANANAS;4976;1;4971.0;28.0;;;4977;1;4978.0;27.0;;;4976.5;9899.0
124100;BANANAS;4971;4;4970.0;22.0;;;4977;22;;;;;4974.0;10410.0
124200;BANANAS;4971;25;;;;;4977;25;;;;;4974.0;10139.0
124300;BANANAS;4971;29;;;;;4978;29;;;;;4974.5;10069.0
124400;BANANAS;4971;21;;;;;4977;21;;;;;4974.0;10137.0
124500;BANANAS;4971;26;;;;;4977;26;;;;;4974.0;10166.0
124600;BANANAS;4971;22;;;;;4977;1;4978.0;21.0;;;4974.0;10073.0
124700;BANANAS;4971;26;;;;;4976;1;4978.0;26.0;;;4973.5;10132.5
124800;BANANAS;4971;10;4970.0;24.0;;;4977;25;;;;;4974.0;10205.0
124900;BANANAS;4970;30;;;;;4975;10;4977.0;30.0;;;4972.5;11001.5
125000;BANANAS;4969;28;;;;;4971;1;4976.0;28.0;;;4970.0;11569.0
125100;BANANAS;4970;1;4969.0;30.0;;;4976;32;;;;;4973.0;11310.5
125200;BANANAS;4969;26;;;;;4971;1;4976.0;26.0;;;4970.0;11607.5
125300;BANANAS;4969;27;;;;;4976;27;;;;;4972.5;11377.5
125400;BANANAS;4970;32;;;;;4977;32;;;;;4973.5;10864.0
125500;BANANAS;4970;28;;;;;4976;2;4977.0;26.0;;;4973.0;11007.5
125600;BANANAS;4970;29;;;;;4971;2;4977.0;29.0;;;4970.5;10889.0
125700;BANANAS;4971;27;;;;;4977;2;4978.0;25.0;;;4974.0;10012.5
125800;BANANAS;4971;22;;;;;4976;2;4978.0;22.0;;;4973.5;9720.0
125900;BANANAS;4973;10;4972.0;23.0;;;4978;2;4979.0;21.0;;;4975.5;8942.0
126000;BANANAS;4972;30;;;;;4979;30;;;;;4975.5;8295.0
126100;BANANAS;4973;26;;;;;4978;6;4979.0;1.0;4980.0;25.0;4975.5;7977.5
126200;BANANAS;4973;29;;;;;4977;7;4979.0;29.0;;;4975.0;8025.5
126300;BANANAS;4972;28;;;;;4979;28;;;;;4975.5;8382.5
126400;BANANAS;4975;1;4972.0;30.0;;;4978;1;4979.0;29.0;;;4976.5;8853.0
126500;BANANAS;4975;5;4973.0;10.0;4972.0;27.0;4979;27;;;;;4977.0;8648.5
126600;BANANAS;4972;26;;;;;4975;1;4979.0;26.0;;;4973.5;8451.5
126700;BANANAS;4977;3;4972.0;26.0;;;4979;26;;;;;4978.0;8536.5
126800;BANANAS;4973;2;4972.0;23.0;;;4977;1;4979.0;25.0;;;4975.0;8176.0
126900;BANANAS;4972;25;;;;;4979;25;;;;;4975.5;8434.5
127000;BANANAS;4973;28;;;;;4980;28;;;;;4976.5;7963.0
127100;BANANAS;4973;20;;;;;4980;20;;;;;4976.5;7946.5
127200;BANANAS;4973;24;;;;;4978;2;4979.0;2.0;4980.0;22.0;4975.5;7963.0
127300;BANANAS;4973;23;;;;;4979;1;4980.0;23.0;;;4976.0;7961.0
127400;BANANAS;4973;24;;;;;4979;24;;;;;4976.0;8004.0
127500;BANANAS;4974;24;;;;;4980;24;;;;;4977.0;6945.0
127600;BANANAS;4973;21;;;;;4980;22;;;;;4976.5;7629.0
127700;BANANAS;4973;26;;;;;4980;26;;;;;4976.5;7554.5
127800;BANANAS;4974;2;4973.0;22.0;;;4980;24;;;;;4977.0;7024.5
127900;BANANAS;4974;28;;;;;4979;2;4980.0;1.0;4981.0;27.0;4976.5;6719.5
128000;BANANAS;4974;27;;;;;4980;2;4981.0;25.0;;;4977.0;6849.5
128100;BANANAS;4975;1;4974.0;25.0;;;4981;26;;;;;4978.0;6124.0
128200;BANANAS;4974;22;;;;;4981;22;;;;;4977.5;6583.5
128300;BANANAS;4973;22;;;;;4980;22;;;;;4976.5;7144.5
128400;BANANAS;4975;6;4974.0;31.0;;;4980;1;4981.0;30.0;;;4977.5;6901.5
128500;BANANAS;4973;28;;;;;4978;2;4980.0;28.0;;;4975.5;7526.5
128600;BANANAS;4972;31;;;;;4977;4;4979.0;31.0;;;4974.5;8547.5
128700;BANANAS;4973;1;4972.0;28.0;;;4979;29;;;;;4976.0;8170.0
128800;BANANAS;4978;1;4973.0;24.0;;;4979;2;4980.0;22.0;;;4978.5;7844.0
128900;BANANAS;4973;25;;;;;4980;25;;;;;4976.5;7530.5
129000;BANANAS;4974;5;4973.0;22.0;;;4980;22;;;;;4977.0;7741.0
129100;BANANAS;4973;29;;;;;4980;29;;;;;4976.5;7663.5
129200;BANANAS;4972;30;;;;;4979;30;;;;;4975.5;8078.0
129300;BANANAS;4973;28;;;;;4980;28;;;;;4976.5;7325.5
129400;BANANAS;4973;24;;;;;4980;24;;;;;4976.5;6986.0
129500;BANANAS;4975;7;4974.0;25.0;;;4980;1;4981.0;24.0;;;4977.5;6668.0
129600;BANANAS;4978;1;4973.0;29.0;;;4980;29;;;;;4979.0;7511.0
129700;BANANAS;4973;20;;;;;4974;1;4980.0;20.0;;;4973.5;7164.5
129800;BANANAS;4974;20;;;;;4975;10;4981.0;21.0;;;4974.5;6457.5
129900;BANANAS;4974;27;;;;;4981;27;;;;;4977.5;5927.5
130000;BANANAS;4975;23;;;;;4981;1;4982.0;22.0;;;4978.0;5584.0
130100;BANANAS;4975;31;;;;;4981;1;4982.0;30.0;;;4978.0;5585.0
130200;BANANAS;4979;4;4978.0;4.0;4976.0;1.0;4981;2;4982.0;23.0;;;4980.0;5736.5
130300;BANANAS;4975;29;;;;;4982;30;;;;;4978.5;5471.5
130400;BANANAS;4975;26;;;;;4976;10;4978.0;6.0;4982.0;27.0;4975.5;5301.0
130500;BANANAS;4980;3;4975.0;31.0;;;4982;31;;;;;4981.0;5199.0
130600;BANANAS;4980;1;4975.0;25.0;;;4982;25;;;;;4981.0;5340.0
130700;BANANAS;4977;2;4976.0;25.0;;;4979;3;4982.0;1.0;4983.0;24.0;4978.0;4603.0
130800;BANANAS;4975;24;;;;;4982;24;;;;;4978.5;5116.5
130900;BANANAS;4975;31;;;;;4982;31;;;;;4978.5;5127.0
131000;BANANAS;4978;6;4975.0;27.0;;;4982;27;;;;;4980.0;5382.5
131100;BANANAS;4976;1;4975.0;22.0;;;4982;24;;;;;4979.0;4928.0
131200;BANANAS;4976;29;;;;;4977;3;4983.0;29.0;;;4976.5;4300.0
131300;BANANAS;4977;8;4976.0;26.0;;;4983;27;;;;;4980.0;3755.0
131400;BANANAS;4977;30;;;;;4983;1;4984.0;29.0;;;4980.0;3424.0
131500;BANANAS;4976;22;;;;;4983;22;;;;;4979.5;4041.0
131600;BANANAS;4978;1;4977.0;20.0;;;4984;20;;;;;4981.0;3128.0
131700;BANANAS;4977;24;;;;;4982;4;4984.0;24.0;;;4979.5;2901.5
131800;BANANAS;4977;30;;;;;4984;30;;;;;4980.5;2950.0
131900;BANANAS;4978;9;4977.0;23.0;;;4984;23;;;;;4981.0;2941.5
132000;BANANAS;4977;25;;;;;4984;25;;;;;4980.5;3091.5
132100;BANANAS;4978;7;4977.0;30.0;;;4984;30;;;;;4981.0;2909.5
132200;BANANAS;4978;1;4977.0;22.0;;;4984;22;;;;;4981.0;2774.0
132300;BANANAS;4977;27;;;;;4984;27;;;;;4980.5;2933.5
132400;BANANAS;4976;25;;;;;4981;9;4983.0;25.0;;;4978.5;4061.5
132500;BANANAS;4976;31;;;;;4979;1;4983.0;31.0;;;4977.5;4078.0
132600;BANANAS;4976;25;;;;;4983;25;;;;;4979.5;3869.0
132700;BANANAS;4977;1;4976.0;23.0;;;4983;24;;;;;4980.0;3638.0
132800;BANANAS;4977;4;4976.0;21.0;;;4983;22;;;;;4980.0;3707.0
132900;BANANAS;4977;26;;;;;4982;7;4984.0;26.0;;;4979.5;3508.0
133000;BANANAS;4977;22;;;;;4984;22;;;;;4980.5;3056.5
133100;BANANAS;4977;30;;;;;4984;30;;;;;4980.5;3264.5
133200;BANANAS;4977;26;;;;;4984;26;;;;;4980.5;2619.5
133300;BANANAS;4977;25;;;;;4984;25;;;;;4980.5;3481.0
133400;BANANAS;4976;22;;;;;4983;22;;;;;4979.5;4037.0
133500;BANANAS;4976;20;;;;;4983;20;;;;;4979.5;4440.0
133600;BANANAS;4975;26;;;;;4982;26;;;;;4978.5;5517.0
133700;BANANAS;4975;2;4974.0;27.0;;;4981;29;;;;;4978.0;5958.0
133800;BANANAS;4975;26;;;;;4982;26;;;;;4978.5;5412.5
133900;BANANAS;4976;2;4975.0;25.0;;;4980;7;4982.0;27.0;;;4978.0;4866.0
134000;BANANAS;4976;2;4975.0;27.0;;;4982;29;;;;;4979.0;4823.5
134100;BANANAS;4976;29;;;;;4983;29;;;;;4979.5;4066.0
134200;BANANAS;4981;10;4976.0;27.0;;;4983;27;;;;;4982.0;3961.0
134300;BANANAS;4981;1;4976.0;27.0;;;4983;27;;;;;4982.0;4197.5
134400;BANANAS;4977;4;4976.0;26.0;;;4983;26;;;;;4980.0;4090.5
134500;BANANAS;4977;1;4976.0;26.0;;;4983;26;;;;;4980.0;4152.5
134600;BANANAS;4977;2;4976.0;24.0;;;4983;26;;;;;4980.0;3825.5
134700;BANANAS;4976;31;;;;;4977;5;4982.0;1.0;4983.0;30.0;4976.5;4495.0
134800;BANANAS;4976;23;;;;;4983;23;;;;;4979.5;4039.0
134900;BANANAS;4976;29;;;;;4981;5;4983.0;29.0;;;4978.5;4245.0
135000;BANANAS;4976;22;;;;;4983;22;;;;;4979.5;3864.0
135100;BANANAS;4976;26;;;;;4981;6;4983.0;26.0;;;4978.5;4553.5
135200;BANANAS;4975;23;;;;;4982;23;;;;;4978.5;4741.5
135300;BANANAS;4976;25;;;;;4982;26;;;;;4979.0;4704.5
135400;BANANAS;4976;21;;;;;4981;3;4983.0;21.0;;;4978.5;4302.0
135500;BANANAS;4976;1;4975.0;24.0;;;4982;25;;;;;4979.0;4816.0
135600;BANANAS;4976;25;;;;;4977;1;4983.0;25.0;;;4976.5;4064.0
135700;BANANAS;4977;7;4976.0;26.0;;;4979;3;4983.0;26.0;;;4978.0;3844.0
135800;BANANAS;4976;26;;;;;4981;8;4983.0;26.0;;;4978.5;4082.5
135900;BANANAS;4977;24;;;;;4983;24;;;;;4980.0;3534.0
136000;BANANAS;4977;29;;;;;4983;1;4984.0;28.0;;;4980.0;3488.0
136100;BANANAS;4977;28;;;;;4982;9;4984.0;28.0;;;4979.5;2965.5
136200;BANANAS;4979;5;4978.0;20.0;;;4985;20;;;;;4982.0;1916.0
136300;BANANAS;4978;25;;;;;4985;25;;;;;4981.5;1569.5
136400;BANANAS;4978;25;;;;;4985;25;;;;;4981.5;1808.5
136500;BANANAS;4978;25;;;;;4985;26;;;;;4981.5;1999.0
136600;BANANAS;4978;29;;;;;4985;29;;;;;4981.5;1743.0
136700;BANANAS;4978;29;;;;;4985;29;;;;;4981.5;1613.0
136800;BANANAS;4978;23;;;;;4985;23;;;;;4981.5;1991.5
136900;BANANAS;4978;25;;;;;4985;26;;;;;4981.5;2292.5
137000;BANANAS;4978;28;;;;;4985;28;;;;;4981.5;1991.0
137100;BANANAS;4979;31;;;;;4986;31;;;;;4982.5;927.5
137200;BANANAS;4978;22;;;;;4985;22;;;;;4981.5;2121.5
137300;BANANAS;4978;31;;;;;4985;31;;;;;4981.5;1794.0
137400;BANANAS;4978;24;;;;;4983;1;4985.0;24.0;;;4980.5;1890.5
137500;BANANAS;4978;25;;;;;4983;9;4985.0;25.0;;;4980.5;1540.5
137600;BANANAS;4980;4;4979.0;25.0;;;4986;25;;;;;4983.0;1147.5
137700;BANANAS;4980;8;4979.0;29.0;;;4985;1;4986.0;28.0;;;4982.5;1124.0
137800;BANANAS;4978;30;;;;;4985;30;;;;;4981.5;1586.5
137900;BANANAS;4979;7;4978.0;27.0;;;4984;1;4985.0;26.0;;;4981.5;2221.5
138000;BANANAS;4977;26;;;;;4980;1;4984.0;26.0;;;4978.5;3073.5
138100;BANANAS;4982;2;4978.0;11.0;4977.0;30.0;4984;32;;;;;4983.0;2519.5
138200;BANANAS;4978;1;4977.0;30.0;;;4984;31;;;;;4981.0;2618.0
138300;BANANAS;4983;1;4977.0;32.0;;;4984;32;;;;;4983.5;2864.5
138400;BANANAS;4977;25;;;;;4984;25;;;;;4980.5;2992.0
138500;BANANAS;4977;2;4976.0;29.0;;;4983;31;;;;;4980.0;3602.0
138600;BANANAS;4977;24;;;;;4983;1;4984.0;23.0;;;4980.0;3464.5
138700;BANANAS;4977;22;;;;;4984;22;;;;;4980.5;2865.5
138800;BANANAS;4983;1;4978.0;31.0;;;4984;2;4985.0;29.0;;;4983.5;2348.5
138900;BANANAS;4978;3;4977.0;22.0;;;4984;22;;;;;4981.0;3061.5
139000;BANANAS;4983;1;4977.0;20.0;;;4984;20;;;;;4983.5;2442.5
139100;BANANAS;4977;24;;;;;4984;24;;;;;4980.5;2791.5
139200;BANANAS;4976;26;;;;;4983;26;;;;;4979.5;3662.0
139300;BANANAS;4976;30;;;;;4983;30;;;;;4979.5;4222.0
139400;BANANAS;4976;22;;;;;4982;1;4983.0;21.0;;;4979.0;4662.5
139500;BANANAS;4981;1;4976.0;21.0;;;4983;21;;;;;4982.0;4666.5
139600;BANANAS;4975;23;;;;;4982;23;;;;;4978.5;5136.5
139700;BANANAS;4975;30;;;;;4981;30;;;;;4978.0;5824.0
139800;BANANAS;4975;1;4974.0;26.0;;;4981;27;;;;;4978.0;5945.0
139900;BANANAS;4975;25;;;;;4982;25;;;;;4978.5;5071.5
140000;BANANAS;4976;1;4975.0;26.0;;;4982;26;;;;;4979.0;5368.0
140100;BANANAS;4975;28;;;;;4977;5;4982.0;28.0;;;4976.0;5153.5
140200;BANANAS;4975;23;;;;;4980;1;4982.0;23.0;;;4977.5;5110.0
140300;BANANAS;4976;25;;;;;4983;25;;;;;4979.5;3889.0
140400;BANANAS;4981;1;4975.0;29.0;;;4982;29;;;;;4981.5;4762.5
140500;BANANAS;4976;28;;;;;4981;2;4983.0;28.0;;;4978.5;4260.0
140600;BANANAS;4976;2;4975.0;28.0;;;4982;30;;;;;4979.0;4850.0
140700;BANANAS;4976;9;4975.0;29.0;;;4978;3;4982.0;29.0;;;4977.0;5125.5
140800;BANANAS;4975;29;;;;;4976;1;4982.0;29.0;;;4975.5;5171.5
140900;BANANAS;4976;22;;;;;4977;1;4981.0;4.0;4983.0;22.0;4976.5;3702.0
141000;BANANAS;4976;30;;;;;4983;30;;;;;4979.5;4054.5
141100;BANANAS;4980;12;4976.0;2.0;4975.0;21.0;4982;23;;;;;4981.0;4925.0
141200;BANANAS;4977;10;4976.0;23.0;;;4983;23;;;;;4980.0;4337.5
141300;BANANAS;4975;27;;;;;4982;27;;;;;4978.5;4728.5
141400;BANANAS;4981;1;4976.0;2.0;4975.0;23.0;4982;25;;;;;4981.5;4842.5
141500;BANANAS;4976;1;4975.0;30.0;;;4982;31;;;;;4979.0;4857.5
141600;BANANAS;4981;1;4976.0;2.0;4975.0;26.0;4982;28;;;;;4981.5;4813.0
141700;BANANAS;4976;2;4975.0;30.0;;;4982;32;;;;;4979.0;4895.0
141800;BANANAS;4976;1;4975.0;30.0;;;4982;31;;;;;4979.0;4771.5
141900;BANANAS;4976;22;;;;;4977;2;4982.0;2.0;4983.0;20.0;4976.5;4591.5
142000;BANANAS;4976;21;;;;;4981;1;4983.0;21.0;;;4978.5;4190.0
142100;BANANAS;4976;21;;;;;4983;21;;;;;4979.5;4390.5
142200;BANANAS;4975;28;;;;;4982;28;;;;;4978.5;4741.0
142300;BANANAS;4975;26;;;;;4982;26;;;;;4978.5;5239.0
142400;BANANAS;4976;2;4975.0;30.0;;;4982;32;;;;;4979.0;4963.0
142500;BANANAS;4975;23;;;;;4982;23;;;;;4978.5;4988.5
142600;BANANAS;4975;25;;;;;4982;25;;;;;4978.5;4731.0
142700;BANANAS;4976;27;;;;;4983;27;;;;;4979.5;4480.0
142800;BANANAS;4982;1;4976.0;29.0;;;4983;29;;;;;4982.5;3693.0
142900;BANANAS;4977;4;4976.0;20.0;;;4983;20;;;;;4980.0;3599.5
143000;BANANAS;4977;24;;;;;4983;1;4984.0;23.0;;;4980.0;3281.5
143100;BANANAS;4976;28;;;;;4981;5;4983.0;28.0;;;4978.5;3851.0
143200;BANANAS;4976;26;;;;;4983;26;;;;;4979.5;4356.0
143300;BANANAS;4976;24;;;;;4983;25;;;;;4979.5;4498.5
143400;BANANAS;4975;31;;;;;4982;31;;;;;4978.5;5076.0
143500;BANANAS;4975;24;;;;;4982;24;;;;;4978.5;4750.0
143600;BANANAS;4975;29;;;;;4980;7;4982.0;29.0;;;4977.5;5383.0
143700;BANANAS;4975;30;;;;;4980;3;4982.0;30.0;;;4977.5;5351.5
143800;BANANAS;4975;9;4974.0;27.0;;;4981;27;;;;;4978.0;6517.5
143900;BANANAS;4979;1;4974.0;23.0;;;4980;1;4981.0;22.0;;;4979.5;7040.0
144000;BANANAS;4973;20;;;;;4980;20;;;;;4976.5;7201.5
144100;BANANAS;4974;1;4973.0;28.0;;;4980;29;;;;;4977.0;7325.5
144200;BANANAS;4973;31;;;;;4979;1;4980.0;30.0;;;4976.0;8176.5
144300;BANANAS;4973;28;;;;;4978;2;4979.0;2.0;4980.0;26.0;4975.5;8128.5
144400;BANANAS;4974;4;4973.0;29.0;;;4980;29;;;;;4977.0;7666.5
144500;BANANAS;4973;29;;;;;4980;29;;;;;4976.5;7360.5
144600;BANANAS;4974;10;4973.0;25.0;;;4980;25;;;;;4977.0;7673.5
144700;BANANAS;4974;6;4973.0;21.0;;;4980;21;;;;;4977.0;7953.5
144800;BANANAS;4978;1;4973.0;2.0;4972.0;29.0;4979;31;;;;;4978.5;8517.5
144900;BANANAS;4973;28;;;;;4980;28;;;;;4976.5;8221.5
145000;BANANAS;4978;1;4974.0;1.0;4973.0;22.0;4980;22;;;;;4979.0;7537.5
145100;BANANAS;4977;1;4973.0;26.0;;;4980;26;;;;;4978.5;7788.0
145200;BANANAS;4973;2;4972.0;24.0;;;4979;26;;;;;4976.0;8596.0
145300;BANANAS;4973;6;4972.0;22.0;;;4979;23;;;;;4976.0;8501.5
145400;BANANAS;4973;29;;;;;4979;1;4980.0;28.0;;;4976.0;8166.5
145500;BANANAS;4972;31;;;;;4977;3;4978.0;1.0;4979.0;30.0;4974.5;9460.5
145600;BANANAS;4972;28;;;;;4977;8;4978.0;1.0;4979.0;27.0;4974.5;9395.5
145700;BANANAS;4972;22;;;;;4977;7;4979.0;22.0;;;4974.5;8368.5
145800;BANANAS;4973;23;;;;;4978;4;4980.0;23.0;;;4975.5;7981.5
145900;BANANAS;4978;1;4974.0;9.0;4973.0;24.0;4980;24;;;;;4979.0;7720.5
146000;BANANAS;4979;1;4974.0;1.0;4973.0;22.0;4980;22;;;;;4979.5;7533.0
146100;BANANAS;4977;6;4974.0;30.0;;;4980;1;4981.0;29.0;;;4978.5;7028.0
146200;BANANAS;4973;29;;;;;4980;29;;;;;4976.5;7477.5
146300;BANANAS;4973;23;;;;;4980;23;;;;;4976.5;7881.5
146400;BANANAS;4974;7;4973.0;24.0;;;4980;24;;;;;4977.0;7695.0
146500;BANANAS;4973;25;;;;;4979;1;4980.0;24.0;;;4976.0;8022.5
146600;BANANAS;4973;27;;;;;4974;3;4980.0;27.0;;;4973.5;7900.5
146700;BANANAS;4972;22;;;;;4975;6;4979.0;22.0;;;4973.5;8814.0
146800;BANANAS;4978;1;4973.0;2.0;4972.0;21.0;4979;23;;;;;4978.5;8453.0
146900;BANANAS;4973;25;;;;;4979;2;4980.0;24.0;;;4976.0;8047.0
147000;BANANAS;4974;9;4973.0;26.0;;;4980;26;;;;;4977.0;8027.0
147100;BANANAS;4973;25;;;;;4980;25;;;;;4976.5;7949.5
147200;BANANAS;4974;1;4973.0;21.0;;;4980;22;;;;;4977.0;7176.5
147300;BANANAS;4973;31;;;;;4974;1;4980.0;31.0;;;4973.5;7695.0
147400;BANANAS;4973;30;;;;;4978;3;4980.0;30.0;;;4975.5;8100.0
147500;BANANAS;4972;23;;;;;4977;2;4979.0;23.0;;;4974.5;8625.0
147600;BANANAS;4972;28;;;;;4979;28;;;;;4975.5;8830.5
147700;BANANAS;4972;22;;;;;4979;22;;;;;4975.5;9318.5
147800;BANANAS;4977;1;4972.0;29.0;;;4978;2;4979.0;27.0;;;4977.5;9301.5
147900;BANANAS;4972;2;4971.0;24.0;;;4978;26;;;;;4975.0;9618.0
148000;BANANAS;4974;5;4972.0;5.0;4971.0;27.0;4978;27;;;;;4976.0;10317.5
148100;BANANAS;4970;27;;;;;4977;27;;;;;4973.5;11066.0
148200;BANANAS;4976;1;4971.0;23.0;;;4978;23;;;;;4977.0;10482.5
148300;BANANAS;4974;1;4971.0;23.0;;;4977;1;4978.0;22.0;;;4975.5;10518.5
148400;BANANAS;4971;26;;;;;4974;4;4978.0;26.0;;;4972.5;10629.0
148500;BANANAS;4976;1;4972.0;10.0;4971.0;20.0;4978;20;;;;;4977.0;10617.5
148600;BANANAS;4971;21;;;;;4977;1;4978.0;20.0;;;4974.0;10660.5
148700;BANANAS;4971;26;;;;;4978;27;;;;;4974.5;10292.0
148800;BANANAS;4972;5;4971.0;25.0;;;4978;25;;;;;4975.0;10021.5
148900;BANANAS;4971;23;;;;;4978;23;;;;;4974.5;10307.5
149000;BANANAS;4971;27;;;;;4975;10;4977.0;27.0;;;4973.0;10706.5
149100;BANANAS;4970;26;;;;;4977;26;;;;;4973.5;11233.5
149200;BANANAS;4970;30;;;;;4976;1;4977.0;29.0;;;4973.0;11839.0
149300;BANANAS;4971;6;4970.0;23.0;;;4977;23;;;;;4974.0;11162.5
149400;BANANAS;4970;28;;;;;4975;10;4976.0;2.0;4977.0;26.0;4972.5;11606.5
149500;BANANAS;4969;21;;;;;4976;21;;;;;4972.5;12583.0
149600;BANANAS;4969;28;;;;;4975;1;4976.0;27.0;;;4972.0;12992.0
149700;BANANAS;4968;24;;;;;4975;24;;;;;4971.5;13373.5
149800;BANANAS;4969;6;4968.0;28.0;;;4975;30;;;;;4972.0;13215.0
149900;BANANAS;4968;30;;;;;4975;30;;;;;4971.5;13645.0
150000;BANANAS;4969;1;4968.0;27.0;;;4975;29;;;;;4972.0;13384.5
150100;BANANAS;4969;2;4968.0;25.0;;;4975;27;;;;;4972.0;13197.5
150200;BANANAS;4974;12;4970.0;10.0;4969.0;30.0;4976;30;;;;;4975.0;12588.5
150300;BANANAS;4970;31;;;;;4977;31;;;;;4973.5;11540.0
150400;BANANAS;4971;21;;;;;4978;21;;;;;4974.5;10156.5
150500;BANANAS;4977;1;4972.0;2.0;4971.0;29.0;4978;31;;;;;4977.5;9502.5
150600;BANANAS;4971;23;;;;;4978;23;;;;;4974.5;10066.0
150700;BANANAS;4971;26;;;;;4976;5;4978.0;26.0;;;4973.5;10263.0
150800;BANANAS;4971;27;;;;;4978;27;;;;;4974.5;10144.0
150900;BANANAS;4973;6;4972.0;30.0;;;4979;30;;;;;4976.0;9142.0
151000;BANANAS;4972;23;;;;;4979;23;;;;;4975.5;8814.5
151100;BANANAS;4973;30;;;;;4978;5;4979.0;30.0;;;4975.5;8232.5
151200;BANANAS;4973;1;4972.0;21.0;;;4979;22;;;;;4976.0;8318.0
151300;BANANAS;4973;23;;;;;4978;2;4979.0;1.0;4980.0;22.0;4975.5;8049.5
151400;BANANAS;4974;3;4973.0;21.0;;;4980;21;;;;;4977.0;7697.5
151500;BANANAS;4973;31;;;;;4974;1;4980.0;31.0;;;4973.5;7920.5
151600;BANANAS;4974;4;4973.0;26.0;;;4980;26;;;;;4977.0;7539.5
151700;BANANAS;4974;29;;;;;4980;29;;;;;4977.0;7018.0
151800;BANANAS;4974;2;4973.0;25.0;;;4978;8;4980.0;27.0;;;4976.0;7096.0
151900;BANANAS;4974;30;;;;;4981;31;;;;;4977.5;6597.0
152000;BANANAS;4975;26;;;;;4977;2;4979.0;6.0;4981.0;26.0;4976.0;5794.5
152100;BANANAS;4975;32;;;;;4981;2;4982.0;30.0;;;4978.0;5763.5
152200;BANANAS;4975;23;;;;;4981;1;4982.0;22.0;;;4978.0;5770.0
152300;BANANAS;4975;1;4974.0;30.0;;;4981;32;;;;;4978.0;5919.5
152400;BANANAS;4974;30;;;;;4981;30;;;;;4977.5;6224.5
152500;BANANAS;4974;32;;;;;4977;3;4981.0;32.0;;;4975.5;6149.0
152600;BANANAS;4974;27;;;;;4979;5;4981.0;27.0;;;4976.5;6350.0
152700;BANANAS;4974;28;;;;;4981;28;;;;;4977.5;6504.0
152800;BANANAS;4974;23;;;;;4979;4;4980.0;2.0;4981.0;21.0;4976.5;6885.5
152900;BANANAS;4973;23;;;;;4980;23;;;;;4976.5;7641.0
153000;BANANAS;4973;25;;;;;4979;2;4980.0;23.0;;;4976.0;8102.5
153100;BANANAS;4973;30;;;;;4978;9;4980.0;30.0;;;4975.5;7912.5
153200;BANANAS;4972;22;;;;;4977;10;4979.0;22.0;;;4974.5;8499.0
153300;BANANAS;4972;29;;;;;4979;29;;;;;4975.5;8820.0
153400;BANANAS;4973;27;;;;;4980;27;;;;;4976.5;8009.0
153500;BANANAS;4973;28;;;;;4978;3;4980.0;28.0;;;4975.5;7452.0
153600;BANANAS;4973;20;;;;;4980;21;;;;;4976.5;7795.0
153700;BANANAS;4973;32;;;;;4980;32;;;;;4976.5;7497.0
153800;BANANAS;4978;1;4973.0;26.0;;;4980;26;;;;;4979.0;7820.0
153900;BANANAS;4974;8;4973.0;21.0;;;4980;21;;;;;4977.0;7011.0
154000;BANANAS;4973;22;;;;;4980;22;;;;;4976.5;7297.5
154100;BANANAS;4974;6;4973.0;23.0;;;4980;23;;;;;4977.0;7258.0
154200;BANANAS;4974;29;;;;;4975;11;4981.0;29.0;;;4974.5;6571.0
154300;BANANAS;4975;7;4974.0;24.0;;;4980;24;;;;;4977.5;6983.0
154400;BANANAS;4974;25;;;;;4981;25;;;;;4977.5;6336.0
154500;BANANAS;4979;1;4975.0;7.0;4974.0;31.0;4980;1;4981.0;30.0;;;4979.5;6742.5
154600;BANANAS;4974;27;;;;;4981;27;;;;;4977.5;6626.0
154700;BANANAS;4974;22;;;;;4981;23;;;;;4977.5;6770.0
154800;BANANAS;4974;28;;;;;4981;29;;;;;4977.5;6812.5
154900;BANANAS;4974;31;;;;;4980;1;4981.0;30.0;;;4977.0;6733.5
155000;BANANAS;4974;31;;;;;4975;3;4979.0;6.0;4980.0;2.0;4974.5;6771.5
155100;BANANAS;4974;8;4973.0;20.0;;;4980;22;;;;;4977.0;7278.5
155200;BANANAS;4975;10;4974.0;24.0;;;4980;2;4981.0;22.0;;;4977.5;6848.5
155300;BANANAS;4974;25;;;;;4981;25;;;;;4977.5;6491.0
155400;BANANAS;4975;1;4974.0;22.0;;;4981;23;;;;;4978.0;5849.5
155500;BANANAS;4975;22;;;;;4982;22;;;;;4978.5;5161.5
155600;BANANAS;4975;2;4974.0;30.0;;;4981;32;;;;;4978.0;5831.0
155700;BANANAS;4975;22;;;;;4982;22;;;;;4978.5;5195.5
155800;BANANAS;4976;6;4975.0;21.0;;;4982;22;;;;;4979.0;4549.5
155900;BANANAS;4975;29;;;;;4980;9;4982.0;29.0;;;4977.5;4815.5
156000;BANANAS;4976;28;;;;;4982;1;4983.0;27.0;;;4979.0;4300.0
156100;BANANAS;4976;24;;;;;4983;24;;;;;4979.5;3569.0
156200;BANANAS;4976;25;;;;;4983;25;;;;;4979.5;3838.5
156300;BANANAS;4976;1;4975.0;25.0;;;4982;26;;;;;4979.0;4527.0
156400;BANANAS;4976;1;4975.0;20.0;;;4978;6;4982.0;21.0;;;4977.0;4723.0
156500;BANANAS;4977;2;4976.0;30.0;;;4981;10;4983.0;32.0;;;4979.0;3326.5
156600;BANANAS;4977;27;;;;;4983;27;;;;;4980.0;3209.5
156700;BANANAS;4976;31;;;;;4983;31;;;;;4979.5;3873.5
156800;BANANAS;4976;24;;;;;4983;24;;;;;4979.5;4009.5
156900;BANANAS;4977;6;4976.0;21.0;;;4982;1;4983.0;20.0;;;4979.5;4515.0
157000;BANANAS;4976;2;4975.0;30.0;;;4982;32;;;;;4979.0;4719.0
157100;BANANAS;4975;27;;;;;4982;27;;;;;4978.5;4671.5
157200;BANANAS;4975;7;4974.0;21.0;;;4981;23;;;;;4978.0;5972.5
157300;BANANAS;4975;30;;;;;4981;1;4982.0;29.0;;;4978.0;5790.0
157400;BANANAS;4975;27;;;;;4982;27;;;;;4978.5;5074.0
157500;BANANAS;4976;4;4975.0;28.0;;;4982;28;;;;;4979.0;5171.5
157600;BANANAS;4980;1;4975.0;26.0;;;4982;26;;;;;4981.0;5366.5
157700;BANANAS;4976;2;4975.0;22.0;;;4982;24;;;;;4979.0;4812.0
157800;BANANAS;4975;25;;;;;4982;25;;;;;4978.5;5460.0
157900;BANANAS;4975;2;4974.0;27.0;;;4981;27;;;;;4978.0;6094.5
158000;BANANAS;4974;24;;;;;4977;3;4981.0;25.0;;;4975.5;6806.0
158100;BANANAS;4974;27;;;;;4980;2;4981.0;25.0;;;4977.0;6887.0
158200;BANANAS;4975;9;4974.0;32.0;;;4981;32;;;;;4978.0;6687.5
158300;BANANAS;4974;21;;;;;4981;22;;;;;4977.5;6731.5
158400;BANANAS;4974;30;;;;;4981;30;;;;;4977.5;6452.0
158500;BANANAS;4975;1;4974.0;24.0;;;4981;26;;;;;4978.0;6027.0
158600;BANANAS;4976;1;4975.0;28.0;;;4981;1;4982.0;27.0;;;4978.5;5774.5
158700;BANANAS;4974;26;;;;;4979;8;4981.0;26.0;;;4976.5;6188.5
158800;BANANAS;4974;22;;;;;4979;6;4981.0;22.0;;;4976.5;6326.0
158900;BANANAS;4980;12;4975.0;21.0;;;4982;21;;;;;4981.0;5690.5
159000;BANANAS;4974;32;;;;;4977;5;4979.0;1.0;4981.0;32.0;4975.5;6253.0
159100;BANANAS;4974;24;;;;;4981;24;;;;;4977.5;6384.5
159200;BANANAS;4974;22;;;;;4975;8;4981.0;22.0;;;4974.5;6590.5
159300;BANANAS;4974;24;;;;;4981;24;;;;;4977.5;6678.0
159400;BANANAS;4973;21;;;;;4978;6;4980.0;21.0;;;4975.5;7235.0
159500;BANANAS;4973;26;;;;;4980;26;;;;;4976.5;7931.0
159600;BANANAS;4974;20;;;;;4975;10;4981.0;20.0;;;4974.5;6609.0
159700;BANANAS;4975;7;4974.0;26.0;;;4981;26;;;;;4978.0;6120.5
159800;BANANAS;4974;23;;;;;4981;23;;;;;4977.5;6490.0
159900;BANANAS;4977;2;4974.0;30.0;;;4979;6;4981.0;30.0;;;4978.0;6522.0
160000;BANANAS;4974;26;;;;;4981;26;;;;;4977.5;6171.5
160100;BANANAS;4979;1;4977.0;1.0;4974.0;25.0;4981;25;;;;;4980.0;6350.0
160200;BANANAS;4974;27;;;;;4979;8;4981.0;28.0;;;4976.5;6029.0
160300;BANANAS;4974;30;;;;;4979;6;4981.0;30.0;;;4976.5;6352.0
160400;BANANAS;4974;29;;;;;4981;30;;;;;4977.5;6535.0
160500;BANANAS;4974;20;;;;;4981;20;;;;;4977.5;6580.5
160600;BANANAS;4974;26;;;;;4980;1;4981.0;25.0;;;4977.0;6819.0
160700;BANANAS;4973;26;;;;;4980;27;;;;;4976.5;8091.0
160800;BANANAS;4973;27;;;;;4980;27;;;;;4976.5;8081.0
160900;BANANAS;4973;27;;;;;4974;13;4978.0;7.0;4980.0;27.0;4973.5;7936.0
161000;BANANAS;4974;8;4973.0;26.0;;;4980;26;;;;;4977.0;7655.5
161100;BANANAS;4973;28;;;;;4978;1;4979.0;2.0;4980.0;26.0;4975.5;8179.5
161200;BANANAS;4973;27;;;;;4980;27;;;;;4976.5;7999.5
161300;BANANAS;4973;24;;;;;4980;24;;;;;4976.5;7887.5
161400;BANANAS;4972;29;;;;;4979;29;;;;;4975.5;8819.0
161500;BANANAS;4972;1;4971.0;26.0;;;4976;7;4978.0;27.0;;;4974.0;9978.5
161600;BANANAS;4973;3;4972.0;24.0;;;4978;24;;;;;4975.5;9729.0
161700;BANANAS;4977;1;4971.0;25.0;;;4978;25;;;;;4977.5;10231.5
161800;BANANAS;4972;30;;;;;4977;3;4978.0;2.0;4979.0;29.0;4974.5;9702.5
161900;BANANAS;4973;1;4972.0;20.0;;;4977;10;4979.0;21.0;;;4975.0;8577.0
162000;BANANAS;4972;20;;;;;4979;20;;;;;4975.5;8885.0
162100;BANANAS;4972;31;;;;;4979;31;;;;;4975.5;9256.0
162200;BANANAS;4972;30;;;;;4979;30;;;;;4975.5;9222.5
162300;BANANAS;4975;6;4972.0;23.0;;;4979;23;;;;;4977.0;8865.0
162400;BANANAS;4976;3;4972.0;30.0;;;4978;1;4979.0;29.0;;;4977.0;9471.0
162500;BANANAS;4972;20;;;;;4979;20;;;;;4975.5;8807.5
162600;BANANAS;4973;24;;;;;4979;1;4980.0;23.0;;;4976.0;8280.0
162700;BANANAS;4973;22;;;;;4980;22;;;;;4976.5;7929.0
162800;BANANAS;4973;29;;;;;4980;29;;;;;4976.5;8214.5
162900;BANANAS;4973;30;;;;;4976;6;4978.0;2.0;4980.0;30.0;4974.5;7719.5
163000;BANANAS;4973;30;;;;;4980;30;;;;;4976.5;7262.5
163100;BANANAS;4973;23;;;;;4978;6;4980.0;23.0;;;4975.5;7907.5
163200;BANANAS;4979;1;4974.0;22.0;;;4980;2;4981.0;20.0;;;4979.5;6790.0
163300;BANANAS;4979;1;4974.0;27.0;;;4980;2;4981.0;25.0;;;4979.5;6952.5
163400;BANANAS;4974;24;;;;;4981;24;;;;;4977.5;6757.0
163500;BANANAS;4974;1;4973.0;26.0;;;4980;27;;;;;4977.0;7039.5
163600;BANANAS;4974;23;;;;;4977;1;4979.0;8.0;4981.0;23.0;4975.5;6834.5
163700;BANANAS;4975;5;4974.0;31.0;;;4981;31;;;;;4978.0;6214.0
163800;BANANAS;4974;29;;;;;4977;1;4979.0;1.0;4981.0;29.0;4975.5;6647.5
163900;BANANAS;4978;5;4973.0;25.0;;;4980;25;;;;;4979.0;7535.5
164000;BANANAS;4973;27;;;;;4978;2;4980.0;27.0;;;4975.5;7785.5
164100;BANANAS;4973;2;4972.0;23.0;;;4979;25;;;;;4976.0;8488.5
164200;BANANAS;4972;28;;;;;4979;28;;;;;4975.5;8897.5
164300;BANANAS;4972;26;;;;;4979;26;;;;;4975.5;8966.5
164400;BANANAS;4972;32;;;;;4977;8;4979.0;32.0;;;4974.5;9002.5
164500;BANANAS;4973;25;;;;;4978;1;4980.0;25.0;;;4975.5;8309.0
164600;BANANAS;4973;10;4972.0;28.0;;;4979;28;;;;;4976.0;8856.0
164700;BANANAS;4973;2;4972.0;29.0;;;4979;31;;;;;4976.0;8667.5
164800;BANANAS;4972;25;;;;;4979;25;;;;;4975.5;8918.0
164900;BANANAS;4973;24;;;;;4979;1;4980.0;23.0;;;4976.0;8180.5
165000;BANANAS;4974;23;;;;;4981;23;;;;;4977.5;6813.5
