timestamp;buyer;seller;symbol;currency;price;quantity;dir
0;;;PEARLS;SEASHELLS;9996.0;1;S
0;;;PEARLS;SEASHELLS;9996.0;1;S
1500;;;PEARLS;SEASHELLS;10004.0;1;B
2500;;;PEARLS;SEASHELLS;9998.0;1;B
3200;;;PEARLS;SEASHELLS;9996.0;1;S
3300;;;PEARLS;SEASHELLS;9995.0;2;S
3600;;;PEARLS;SEASHELLS;10005.0;6;B
4000;;;PEARLS;SEASHELLS;9998.0;1;S
4200;;;PEARLS;SEASHELLS;10004.0;2;B
4200;;;PEARLS;SEASHELLS;10004.0;1;B
6700;;;PEARLS;SEASHELLS;9998.0;2;S
7400;;;PEARLS;SEASHELLS;10002.0;1;B
7500;;;PEARLS;SEASHELLS;10002.0;1;S
8600;;;PEARLS;SEASHELLS;10002.0;1;B
8700;;;PEARLS;SEASHELLS;10002.0;2;B
8800;;;PEARLS;SEASHELLS;10002.0;1;S
9600;;;PEARLS;SEASHELLS;10000.0;3;S
10100;;;PEARLS;SEASHELLS;9998.0;1;S
10200;;;PEARLS;SEASHELLS;9996.0;1;S
11100;;;PEARLS;SEASHELLS;10005.0;2;B
13000;;;PEARLS;SEASHELLS;9998.0;1;B
13600;;;PEARLS;SEASHELLS;9998.0;1;S
13900;;;PEARLS;SEASHELLS;9996.0;1;S
13900;;;PEARLS;SEASHELLS;9996.0;1;S
14000;;;PEARLS;SEASHELLS;10005.0;7;B
15100;;;PEARLS;SEASHELLS;10005.0;4;B
15400;;;PEARLS;SEASHELLS;10002.0;5;B
17300;;;PEARLS;SEASHELLS;10002.0;1;M
18200;;;PEARLS;SEASHELLS;9998.0;1;S
18300;;;PEARLS;SEASHELLS;10005.0;2;B
18300;;;PEARLS;SEASHELLS;9998.0;1;S
18500;;;PEARLS;SEASHELLS;10005.0;5;B
19500;;;PEARLS;SEASHELLS;10002.0;1;S
19600;;;PEARLS;SEASHELLS;10002.0;1;S
19900;;;PEARLS;SEASHELLS;10002.0;1;S
20200;;;PEARLS;SEASHELLS;10002.0;1;S
20600;;;PEARLS;SEASHELLS;9998.0;1;B
20600;;;PEARLS;SEASHELLS;9995.0;9;S
20900;;;PEARLS;SEASHELLS;9998.0;1;B
21300;;;PEARLS;SEASHELLS;10002.0;1;B
22700;;;PEARLS;SEASHELLS;9998.0;1;B
23000;;;PEARLS;SEASHELLS;9998.0;4;S
23300;;;PEARLS;SEASHELLS;9998.0;2;S
23900;;;PEARLS;SEASHELLS;9998.0;3;B
23900;;;PEARLS;SEASHELLS;9995.0;8;S
24300;;;PEARLS;SEASHELLS;10002.0;1;S
24600;;;PEARLS;SEASHELLS;9996.0;2;S
24600;;;PEARLS;SEASHELLS;9996.0;2;S
25100;;;PEARLS;SEASHELLS;10002.0;1;S
25600;;;PEARLS;SEASHELLS;10004.0;2;B
25700;;;PEARLS;SEASHELLS;10002.0;8;S
25700;;;PEARLS;SEASHELLS;10002.0;3;S
26400;;;PEARLS;SEASHELLS;10005.0;9;B
27000;;;PEARLS;SEASHELLS;10002.0;1;S
27700;;;PEARLS;SEASHELLS;9998.0;1;B
27700;;;PEARLS;SEASHELLS;9998.0;3;B
27900;;;PEARLS;SEASHELLS;10002.0;4;S
28000;;;PEARLS;SEASHELLS;10005.0;1;B
28300;;;PEARLS;SEASHELLS;9998.0;1;B
28300;;;PEARLS;SEASHELLS;9998.0;2;B
28600;;;PEARLS;SEASHELLS;9998.0;1;B
29400;;;PEARLS;SEASHELLS;10005.0;2;B
29500;;;PEARLS;SEASHELLS;9998.0;3;B
29500;;;PEARLS;SEASHELLS;9998.0;2;B
30400;;;PEARLS;SEASHELLS;10004.0;1;B
30400;;;PEARLS;SEASHELLS;10004.0;6;B
31000;;;PEARLS;SEASHELLS;9996.0;1;S
31300;;;PEARLS;SEASHELLS;9998.0;1;B
31600;;;PEARLS;SEASHELLS;10002.0;3;S
31800;;;PEARLS;SEASHELLS;10002.0;1;S
32100;;;PEARLS;SEASHELLS;10002.0;4;B
32500;;;PEARLS;SEASHELLS;10002.0;1;S
32800;;;PEARLS;SEASHELLS;9996.0;2;S
32800;;;PEARLS;SEASHELLS;9995.0;2;S
33500;;;PEARLS;SEASHELLS;10002.0;3;B
34000;;;PEARLS;SEASHELLS;9998.0;1;S
34100;;;PEARLS;SEASHELLS;10002.0;1;S
35600;;;PEARLS;SEASHELLS;10002.0;1;S
36300;;;PEARLS;SEASHELLS;10005.0;1;B
36500;;;PEARLS;SEASHELLS;10005.0;4;B
37400;;;PEARLS;SEASHELLS;10002.0;1;S
37900;;;PEARLS;SEASHELLS;9995.0;4;S
38400;;;PEARLS;SEASHELLS;10004.0;2;B
38500;;;PEARLS;SEASHELLS;10002.0;6;S
38900;;;PEARLS;SEASHELLS;9995.0;2;S
39100;;;PEARLS;SEASHELLS;10002.0;5;B
39300;;;PEARLS;SEASHELLS;9996.0;1;S
41500;;;PEARLS;SEASHELLS;10002.0;1;B
41500;;;PEARLS;SEASHELLS;10000.0;2;B
41600;;;PEARLS;SEASHELLS;9995.0;1;S
42900;;;PEARLS;SEASHELLS;10002.0;1;B
43100;;;PEARLS;SEASHELLS;10005.0;2;B
43400;;;PEARLS;SEASHELLS;10002.0;1;S
43700;;;PEARLS;SEASHELLS;9998.0;1;S
43900;;;PEARLS;SEASHELLS;10004.0;2;B
44000;;;PEARLS;SEASHELLS;9998.0;1;B
44800;;;PEARLS;SEASHELLS;9996.0;1;S
45100;;;PEARLS;SEASHELLS;9996.0;1;S
45800;;;PEARLS;SEASHELLS;9996.0;10;S
45800;;;PEARLS;SEASHELLS;9996.0;1;S
46200;;;PEARLS;SEASHELLS;9998.0;1;S
46300;;;PEARLS;SEASHELLS;9995.0;1;S
46800;;;PEARLS;SEASHELLS;9996.0;1;S
48300;;;PEARLS;SEASHELLS;9995.0;1;S
48600;;;PEARLS;SEASHELLS;10004.0;1;B
49300;;;PEARLS;SEASHELLS;10005.0;1;B
49700;;;PEARLS;SEASHELLS;9995.0;2;S
50200;;;PEARLS;SEASHELLS;9996.0;1;S
50400;;;PEARLS;SEASHELLS;9996.0;2;S
50900;;;PEARLS;SEASHELLS;9996.0;2;S
51000;;;PEARLS;SEASHELLS;9998.0;1;B
51600;;;PEARLS;SEASHELLS;10002.0;1;B
51900;;;PEARLS;SEASHELLS;10002.0;2;S
52000;;;PEARLS;SEASHELLS;9998.0;2;B
52700;;;PEARLS;SEASHELLS;10002.0;3;S
53000;;;PEARLS;SEASHELLS;9998.0;1;S
53200;;;PEARLS;SEASHELLS;10002.0;1;S
53300;;;PEARLS;SEASHELLS;9998.0;2;B
53600;;;PEARLS;SEASHELLS;9998.0;1;S
53700;;;PEARLS;SEASHELLS;10004.0;2;B
53900;;;PEARLS;SEASHELLS;10002.0;1;B
54300;;;PEARLS;SEASHELLS;9998.0;1;B
54600;;;PEARLS;SEASHELLS;9996.0;1;S
54600;;;PEARLS;SEASHELLS;9996.0;5;S
54900;;;PEARLS;SEASHELLS;10002.0;3;B
56100;;;PEARLS;SEASHELLS;10004.0;1;B
56500;;;PEARLS;SEASHELLS;9998.0;1;S
56700;;;PEARLS;SEASHELLS;10002.0;1;S
57000;;;PEARLS;SEASHELLS;10004.0;1;B
57100;;;PEARLS;SEASHELLS;10002.0;1;S
57200;;;PEARLS;SEASHELLS;10002.0;1;S
57300;;;PEARLS;SEASHELLS;10002.0;1;S
57700;;;PEARLS;SEASHELLS;10002.0;2;S
58400;;;PEARLS;SEASHELLS;9996.0;1;S
58600;;;PEARLS;SEASHELLS;9998.0;1;B
59500;;;PEARLS;SEASHELLS;10005.0;4;B
59700;;;PEARLS;SEASHELLS;10002.0;6;S
60200;;;PEARLS;SEASHELLS;9996.0;1;S
60200;;;PEARLS;SEASHELLS;9996.0;1;S
60300;;;PEARLS;SEASHELLS;9996.0;2;S
60300;;;PEARLS;SEASHELLS;9996.0;6;S
60400;;;PEARLS;SEASHELLS;9998.0;1;M
60500;;;PEARLS;SEASHELLS;9998.0;1;B
61100;;;PEARLS;SEASHELLS;10005.0;2;B
61100;;;PEARLS;SEASHELLS;10002.0;1;S
62300;;;PEARLS;SEASHELLS;10004.0;1;B
63200;;;PEARLS;SEASHELLS;9998.0;1;S
63300;;;PEARLS;SEASHELLS;9998.0;1;B
63500;;;PEARLS;SEASHELLS;9998.0;6;B
63700;;;PEARLS;SEASHELLS;9996.0;1;S
64200;;;PEARLS;SEASHELLS;9995.0;2;S
64500;;;PEARLS;SEASHELLS;10005.0;2;B
64500;;;PEARLS;SEASHELLS;10002.0;1;M
64900;;;PEARLS;SEASHELLS;10005.0;2;B
65300;;;PEARLS;SEASHELLS;10000.0;2;S
65300;;;PEARLS;SEASHELLS;9998.0;1;S
65500;;;PEARLS;SEASHELLS;9998.0;1;B
65600;;;PEARLS;SEASHELLS;9995.0;1;S
65800;;;PEARLS;SEASHELLS;9996.0;1;S
65900;;;PEARLS;SEASHELLS;9998.0;1;B
66000;;;PEARLS;SEASHELLS;9998.0;1;S
66700;;;PEARLS;SEASHELLS;9998.0;2;B
67400;;;PEARLS;SEASHELLS;9996.0;1;S
67900;;;PEARLS;SEASHELLS;9998.0;2;S
68000;;;PEARLS;SEASHELLS;10002.0;5;S
68000;;;PEARLS;SEASHELLS;10005.0;3;B
68100;;;PEARLS;SEASHELLS;10002.0;1;B
68500;;;PEARLS;SEASHELLS;10002.0;1;S
68900;;;PEARLS;SEASHELLS;10002.0;1;S
69300;;;PEARLS;SEASHELLS;10005.0;2;B
71600;;;PEARLS;SEASHELLS;9995.0;10;S
74100;;;PEARLS;SEASHELLS;10002.0;1;S
74400;;;PEARLS;SEASHELLS;10004.0;1;B
74900;;;PEARLS;SEASHELLS;10002.0;1;S
75200;;;PEARLS;SEASHELLS;9996.0;1;S
76400;;;PEARLS;SEASHELLS;10002.0;1;B
77700;;;PEARLS;SEASHELLS;9998.0;5;S
78000;;;PEARLS;SEASHELLS;10002.0;2;S
78300;;;PEARLS;SEASHELLS;9995.0;2;S
79000;;;PEARLS;SEASHELLS;10005.0;2;B
79000;;;PEARLS;SEASHELLS;10004.0;1;B
79500;;;PEARLS;SEASHELLS;10002.0;1;S
80300;;;PEARLS;SEASHELLS;10002.0;1;S
80800;;;PEARLS;SEASHELLS;10002.0;1;B
81300;;;PEARLS;SEASHELLS;9998.0;1;B
81700;;;PEARLS;SEASHELLS;10002.0;1;B
81800;;;PEARLS;SEASHELLS;9998.0;1;S
82300;;;PEARLS;SEASHELLS;10004.0;1;B
83200;;;PEARLS;SEASHELLS;9996.0;1;S
83200;;;PEARLS;SEASHELLS;9996.0;1;S
83700;;;PEARLS;SEASHELLS;10004.0;1;B
84600;;;PEARLS;SEASHELLS;10004.0;2;B
85000;;;PEARLS;SEASHELLS;9998.0;5;B
85700;;;PEARLS;SEASHELLS;9995.0;2;S
85700;;;PEARLS;SEASHELLS;10005.0;4;B
85900;;;PEARLS;SEASHELLS;9998.0;2;S
86000;;;PEARLS;SEASHELLS;10002.0;1;B
86300;;;PEARLS;SEASHELLS;9998.0;1;B
86500;;;PEARLS;SEASHELLS;10002.0;1;S
87900;;;PEARLS;SEASHELLS;10002.0;4;S
88300;;;PEARLS;SEASHELLS;10004.0;2;B
88500;;;PEARLS;SEASHELLS;10002.0;5;S
88600;;;PEARLS;SEASHELLS;9998.0;1;B
90100;;;PEARLS;SEASHELLS;10004.0;1;B
90700;;;PEARLS;SEASHELLS;10002.0;6;B
91000;;;PEARLS;SEASHELLS;9998.0;1;B
91400;;;PEARLS;SEASHELLS;10002.0;1;S
91900;;;PEARLS;SEASHELLS;10002.0;1;S
92300;;;PEARLS;SEASHELLS;9996.0;1;S
93000;;;PEARLS;SEASHELLS;10002.0;1;S
93100;;;PEARLS;SEASHELLS;9998.0;1;B
93300;;;PEARLS;SEASHELLS;9998.0;1;S
93500;;;PEARLS;SEASHELLS;9998.0;1;B
93700;;;PEARLS;SEASHELLS;10002.0;1;B
93900;;;PEARLS;SEASHELLS;9998.0;1;B
94700;;;PEARLS;SEASHELLS;9996.0;2;S
94700;;;PEARLS;SEASHELLS;9996.0;9;S
94800;;;PEARLS;SEASHELLS;10002.0;4;B
95100;;;PEARLS;SEASHELLS;9996.0;2;S
95300;;;PEARLS;SEASHELLS;10002.0;1;S
95900;;;PEARLS;SEASHELLS;10002.0;3;B
95900;;;PEARLS;SEASHELLS;10002.0;5;B
96100;;;PEARLS;SEASHELLS;9995.0;1;S
96400;;;PEARLS;SEASHELLS;10002.0;3;S
96900;;;PEARLS;SEASHELLS;10005.0;3;B
97200;;;PEARLS;SEASHELLS;10005.0;12;B
97300;;;PEARLS;SEASHELLS;10004.0;1;B
97400;;;PEARLS;SEASHELLS;9998.0;1;S
97600;;;PEARLS;SEASHELLS;9998.0;1;B
97900;;;PEARLS;SEASHELLS;10002.0;4;S
98100;;;PEARLS;SEASHELLS;10002.0;1;S
98300;;;PEARLS;SEASHELLS;9998.0;1;B
98800;;;PEARLS;SEASHELLS;9996.0;1;S
99000;;;PEARLS;SEASHELLS;9998.0;1;B
100100;;;PEARLS;SEASHELLS;9998.0;1;B
100500;;;PEARLS;SEASHELLS;9998.0;1;S
102200;;;PEARLS;SEASHELLS;10004.0;2;B
102300;;;PEARLS;SEASHELLS;10002.0;3;S
102300;;;PEARLS;SEASHELLS;10002.0;1;S
102500;;;PEARLS;SEASHELLS;10002.0;1;S
102900;;;PEARLS;SEASHELLS;9998.0;1;B
103100;;;PEARLS;SEASHELLS;9995.0;2;S
104000;;;PEARLS;SEASHELLS;9998.0;1;B
104200;;;PEARLS;SEASHELLS;9998.0;2;B
104200;;;PEARLS;SEASHELLS;9998.0;1;B
104300;;;PEARLS;SEASHELLS;9998.0;2;B
104400;;;PEARLS;SEASHELLS;9995.0;2;S
104400;;;PEARLS;SEASHELLS;9998.0;1;B
104700;;;PEARLS;SEASHELLS;10002.0;1;B
105100;;;PEARLS;SEASHELLS;10002.0;1;S
105900;;;PEARLS;SEASHELLS;10002.0;5;B
106800;;;PEARLS;SEASHELLS;10005.0;2;B
107200;;;PEARLS;SEASHELLS;9995.0;4;S
107500;;;PEARLS;SEASHELLS;10002.0;2;B
107700;;;PEARLS;SEASHELLS;10004.0;2;B
108000;;;PEARLS;SEASHELLS;9998.0;6;S
108000;;;PEARLS;SEASHELLS;9998.0;5;S
108300;;;PEARLS;SEASHELLS;9998.0;1;B
108600;;;PEARLS;SEASHELLS;10002.0;1;S
108700;;;PEARLS;SEASHELLS;9995.0;10;S
108900;;;PEARLS;SEASHELLS;10004.0;1;B
109100;;;PEARLS;SEASHELLS;10002.0;2;S
109900;;;PEARLS;SEASHELLS;10005.0;1;B
111300;;;PEARLS;SEASHELLS;9995.0;1;S
111600;;;PEARLS;SEASHELLS;9996.0;2;S
112000;;;PEARLS;SEASHELLS;10002.0;1;B
112200;;;PEARLS;SEASHELLS;10002.0;1;B
112500;;;PEARLS;SEASHELLS;10002.0;1;S
113400;;;PEARLS;SEASHELLS;10004.0;1;B
113800;;;PEARLS;SEASHELLS;9996.0;1;S
114700;;;PEARLS;SEASHELLS;10005.0;12;B
114700;;;PEARLS;SEASHELLS;9995.0;4;S
115600;;;PEARLS;SEASHELLS;9998.0;1;S
115800;;;PEARLS;SEASHELLS;9998.0;1;B
118000;;;PEARLS;SEASHELLS;9995.0;1;S
119300;;;PEARLS;SEASHELLS;10002.0;1;B
120200;;;PEARLS;SEASHELLS;10002.0;1;B
120500;;;PEARLS;SEASHELLS;9998.0;3;B
120800;;;PEARLS;SEASHELLS;10000.0;2;S
120900;;;PEARLS;SEASHELLS;9998.0;1;B
121800;;;PEARLS;SEASHELLS;9998.0;2;S
122300;;;PEARLS;SEASHELLS;10004.0;3;B
122300;;;PEARLS;SEASHELLS;10004.0;2;B
123000;;;PEARLS;SEASHELLS;9998.0;1;B
124400;;;PEARLS;SEASHELLS;10002.0;1;S
124500;;;PEARLS;SEASHELLS;9995.0;5;S
124700;;;PEARLS;SEASHELLS;9998.0;1;B
124900;;;PEARLS;SEASHELLS;10002.0;2;B
125100;;;PEARLS;SEASHELLS;9998.0;1;B
125200;;;PEARLS;SEASHELLS;10004.0;1;B
125300;;;PEARLS;SEASHELLS;10005.0;2;B
125400;;;PEARLS;SEASHELLS;9996.0;2;S
126400;;;PEARLS;SEASHELLS;9996.0;1;S
126400;;;PEARLS;SEASHELLS;9996.0;3;S
126500;;;PEARLS;SEASHELLS;9998.0;4;S
127000;;;PEARLS;SEASHELLS;9995.0;12;S
127200;;;PEARLS;SEASHELLS;10002.0;2;S
127400;;;PEARLS;SEASHELLS;10002.0;1;S
127800;;;PEARLS;SEASHELLS;10004.0;2;B
127900;;;PEARLS;SEASHELLS;10002.0;1;B
129200;;;PEARLS;SEASHELLS;9995.0;2;S
129700;;;PEARLS;SEASHELLS;9995.0;1;S
130100;;;PEARLS;SEASHELLS;10002.0;4;S
130100;;;PEARLS;SEASHELLS;10002.0;1;S
130300;;;PEARLS;SEASHELLS;9998.0;3;B
130500;;;PEARLS;SEASHELLS;9998.0;3;B
131200;;;PEARLS;SEASHELLS;9998.0;1;B
131400;;;PEARLS;SEASHELLS;9998.0;3;B
131600;;;PEARLS;SEASHELLS;9998.0;1;B
132000;;;PEARLS;SEASHELLS;10004.0;1;B
132100;;;PEARLS;SEASHELLS;9998.0;5;S
132300;;;PEARLS;SEASHELLS;10000.0;1;S
132700;;;PEARLS;SEASHELLS;10004.0;9;B
132700;;;PEARLS;SEASHELLS;10004.0;1;B
133400;;;PEARLS;SEASHELLS;10004.0;1;B
133700;;;PEARLS;SEASHELLS;10004.0;1;B
134700;;;PEARLS;SEASHELLS;10004.0;1;B
134800;;;PEARLS;SEASHELLS;10004.0;2;B
134900;;;PEARLS;SEASHELLS;10002.0;1;B
136500;;;PEARLS;SEASHELLS;10005.0;2;B
136800;;;PEARLS;SEASHELLS;9998.0;2;B
137700;;;PEARLS;SEASHELLS;10004.0;1;B
139100;;;PEARLS;SEASHELLS;9998.0;5;B
139400;;;PEARLS;SEASHELLS;9996.0;1;S
139400;;;PEARLS;SEASHELLS;9996.0;2;S
140700;;;PEARLS;SEASHELLS;9998.0;2;S
141100;;;PEARLS;SEASHELLS;9998.0;1;B
142000;;;PEARLS;SEASHELLS;9996.0;1;S
142400;;;PEARLS;SEASHELLS;10004.0;1;B
143100;;;PEARLS;SEASHELLS;9995.0;2;S
143200;;;PEARLS;SEASHELLS;9995.0;1;S
143200;;;PEARLS;SEASHELLS;9998.0;1;B
143800;;;PEARLS;SEASHELLS;9998.0;1;S
144100;;;PEARLS;SEASHELLS;10002.0;1;S
144200;;;PEARLS;SEASHELLS;10004.0;1;B
144600;;;PEARLS;SEASHELLS;9998.0;3;S
144900;;;PEARLS;SEASHELLS;10002.0;1;S
145800;;;PEARLS;SEASHELLS;9998.0;3;B
145900;;;PEARLS;SEASHELLS;10004.0;1;B
146300;;;PEARLS;SEASHELLS;10005.0;2;B
146700;;;PEARLS;SEASHELLS;10005.0;5;B
146900;;;PEARLS;SEASHELLS;10004.0;2;B
146900;;;PEARLS;SEASHELLS;10004.0;8;B
147400;;;PEARLS;SEASHELLS;9995.0;1;S
147800;;;PEARLS;SEASHELLS;9998.0;1;B
148000;;;PEARLS;SEASHELLS;10000.0;1;S
148000;;;PEARLS;SEASHELLS;9998.0;1;S
148200;;;PEARLS;SEASHELLS;9995.0;2;S
150100;;;PEARLS;SEASHELLS;10004.0;1;B
150300;;;PEARLS;SEASHELLS;9996.0;1;S
151400;;;PEARLS;SEASHELLS;10002.0;1;S
152000;;;PEARLS;SEASHELLS;10002.0;6;M
152100;;;PEARLS;SEASHELLS;10004.0;2;B
153200;;;PEARLS;SEASHELLS;9995.0;5;S
153500;;;PEARLS;SEASHELLS;10002.0;1;B
153700;;;PEARLS;SEASHELLS;9998.0;1;B
154100;;;PEARLS;SEASHELLS;9998.0;2;S
154400;;;PEARLS;SEASHELLS;10002.0;2;S
154600;;;PEARLS;SEASHELLS;10002.0;1;S
155200;;;PEARLS;SEASHELLS;10002.0;1;S
155600;;;PEARLS;SEASHELLS;9998.0;1;B
155700;;;PEARLS;SEASHELLS;10002.0;1;S
156500;;;PEARLS;SEASHELLS;10002.0;1;B
156700;;;PEARLS;SEASHELLS;10004.0;2;B
157400;;;PEARLS;SEASHELLS;10002.0;1;S
157700;;;PEARLS;SEASHELLS;10004.0;1;B
157900;;;PEARLS;SEASHELLS;10005.0;2;B
158000;;;PEARLS;SEASHELLS;10002.0;1;S
158200;;;PEARLS;SEASHELLS;9998.0;8;S
158300;;;PEARLS;SEASHELLS;10002.0;1;S
159200;;;PEARLS;SEASHELLS;9998.0;2;S
159400;;;PEARLS;SEASHELLS;10002.0;1;B
159900;;;PEARLS;SEASHELLS;9996.0;2;S
162000;;;PEARLS;SEASHELLS;10005.0;2;B
162300;;;PEARLS;SEASHELLS;10002.0;2;S
162700;;;PEARLS;SEASHELLS;9996.0;1;S
162800;;;PEARLS;SEASHELLS;9995.0;2;S
163900;;;PEARLS;SEASHELLS;10002.0;4;S
163900;;;PEARLS;SEASHELLS;10002.0;1;S
164000;;;PEARLS;SEASHELLS;10000.0;3;S
164600;;;PEARLS;SEASHELLS;9998.0;1;S
164800;;;PEARLS;SEASHELLS;9998.0;1;B
165000;;;PEARLS;SEASHELLS;10002.0;2;S
165300;;;PEARLS;SEASHELLS;9996.0;1;S
165300;;;PEARLS;SEASHELLS;9996.0;3;S
166100;;;PEARLS;SEASHELLS;10002.0;1;B
166300;;;PEARLS;SEASHELLS;10002.0;1;S
166400;;;PEARLS;SEASHELLS;10002.0;1;S
166700;;;PEARLS;SEASHELLS;10002.0;1;S
167300;;;PEARLS;SEASHELLS;10005.0;2;B
168100;;;PEARLS;SEASHELLS;10002.0;1;S
168200;;;PEARLS;SEASHELLS;9995.0;1;S
168900;;;PEARLS;SEASHELLS;9998.0;5;B
169300;;;PEARLS;SEASHELLS;10002.0;1;B
170000;;;PEARLS;SEASHELLS;10002.0;2;B
170200;;;PEARLS;SEASHELLS;10004.0;1;B
171400;;;PEARLS;SEASHELLS;9998.0;1;B
171700;;;PEARLS;SEASHELLS;10004.0;1;B
172100;;;PEARLS;SEASHELLS;10002.0;1;B
172200;;;PEARLS;SEASHELLS;10002.0;1;S
172300;;;PEARLS;SEASHELLS;10002.0;1;B
172600;;;PEARLS;SEASHELLS;10002.0;1;S
172700;;;PEARLS;SEASHELLS;10004.0;2;B
173100;;;PEARLS;SEASHELLS;10005.0;4;B
173700;;;PEARLS;SEASHELLS;9998.0;1;B
174100;;;PEARLS;SEASHELLS;9998.0;1;B
174900;;;PEARLS;SEASHELLS;10002.0;1;B
175200;;;PEARLS;SEASHELLS;9998.0;1;B
175200;;;PEARLS;SEASHELLS;9996.0;2;S
175500;;;PEARLS;SEASHELLS;10004.0;1;B
176100;;;PEARLS;SEASHELLS;10002.0;1;B
176500;;;PEARLS;SEASHELLS;10004.0;1;B
176900;;;PEARLS;SEASHELLS;10005.0;9;B
177900;;;PEARLS;SEASHELLS;9998.0;3;S
179600;;;PEARLS;SEASHELLS;10002.0;1;S
180900;;;PEARLS;SEASHELLS;9998.0;2;S
180900;;;PEARLS;SEASHELLS;9998.0;1;S
181000;;;PEARLS;SEASHELLS;10002.0;1;B
181600;;;PEARLS;SEASHELLS;9996.0;1;S
181800;;;PEARLS;SEASHELLS;10005.0;2;B
182300;;;PEARLS;SEASHELLS;9998.0;3;B
182300;;;PEARLS;SEASHELLS;9998.0;1;B
182500;;;PEARLS;SEASHELLS;10002.0;1;S
182700;;;PEARLS;SEASHELLS;9996.0;2;S
182900;;;PEARLS;SEASHELLS;10002.0;1;S
183100;;;PEARLS;SEASHELLS;10002.0;1;S
183900;;;PEARLS;SEASHELLS;10002.0;1;S
184800;;;PEARLS;SEASHELLS;10000.0;2;S
185000;;;PEARLS;SEASHELLS;9995.0;1;S
186000;;;PEARLS;SEASHELLS;9995.0;1;S
186500;;;PEARLS;SEASHELLS;9996.0;1;S
186800;;;PEARLS;SEASHELLS;9995.0;6;S
186800;;;PEARLS;SEASHELLS;9995.0;1;S
186900;;;PEARLS;SEASHELLS;10002.0;5;S
186900;;;PEARLS;SEASHELLS;10004.0;9;B
186900;;;PEARLS;SEASHELLS;10004.0;2;B
187300;;;PEARLS;SEASHELLS;9998.0;2;B
188700;;;PEARLS;SEASHELLS;10002.0;1;S
189000;;;PEARLS;SEASHELLS;10002.0;1;S
189700;;;PEARLS;SEASHELLS;10005.0;1;B
189900;;;PEARLS;SEASHELLS;9998.0;1;S
190400;;;PEARLS;SEASHELLS;10002.0;4;B
190400;;;PEARLS;SEASHELLS;10002.0;1;B
191500;;;PEARLS;SEASHELLS;9995.0;2;S
191600;;;PEARLS;SEASHELLS;9998.0;3;B
191900;;;PEARLS;SEASHELLS;10002.0;1;S
193400;;;PEARLS;SEASHELLS;10002.0;2;S
193600;;;PEARLS;SEASHELLS;9995.0;2;S
194600;;;PEARLS;SEASHELLS;9998.0;2;B
195700;;;PEARLS;SEASHELLS;10002.0;1;S
196600;;;PEARLS;SEASHELLS;9998.0;1;M
196700;;;PEARLS;SEASHELLS;9998.0;2;S
196800;;;PEARLS;SEASHELLS;9998.0;4;B
197100;;;PEARLS;SEASHELLS;9998.0;4;B
197200;;;PEARLS;SEASHELLS;10002.0;1;S
197300;;;PEARLS;SEASHELLS;10004.0;2;B
197400;;;PEARLS;SEASHELLS;9998.0;4;B
197600;;;PEARLS;SEASHELLS;9998.0;1;B
197900;;;PEARLS;SEASHELLS;9998.0;5;B
198000;;;PEARLS;SEASHELLS;10004.0;1;B
198700;;;PEARLS;SEASHELLS;9998.0;5;B
199000;;;PEARLS;SEASHELLS;9996.0;1;S
199400;;;PEARLS;SEASHELLS;10002.0;2;B
200100;;;PEARLS;SEASHELLS;9996.0;1;S
200300;;;PEARLS;SEASHELLS;9996.0;1;S
200300;;;PEARLS;SEASHELLS;9996.0;1;S
200400;;;PEARLS;SEASHELLS;10004.0;7;B
200400;;;PEARLS;SEASHELLS;10004.0;1;B
200500;;;PEARLS;SEASHELLS;10004.0;2;B
200600;;;PEARLS;SEASHELLS;10002.0;1;B
200600;;;PEARLS;SEASHELLS;10002.0;2;B
201700;;;PEARLS;SEASHELLS;9996.0;1;S
201700;;;PEARLS;SEASHELLS;9996.0;2;S
201700;;;PEARLS;SEASHELLS;9998.0;1;B
201900;;;PEARLS;SEASHELLS;9998.0;1;B
202800;;;PEARLS;SEASHELLS;9998.0;1;B
202900;;;PEARLS;SEASHELLS;9996.0;1;S
203800;;;PEARLS;SEASHELLS;9998.0;1;B
203900;;;PEARLS;SEASHELLS;9998.0;2;B
204200;;;PEARLS;SEASHELLS;10002.0;1;M
204400;;;PEARLS;SEASHELLS;10002.0;1;B
204600;;;PEARLS;SEASHELLS;10000.0;3;S
204800;;;PEARLS;SEASHELLS;9998.0;4;M
204800;;;PEARLS;SEASHELLS;9998.0;1;M
204800;;;PEARLS;SEASHELLS;10002.0;6;B
205200;;;PEARLS;SEASHELLS;9996.0;2;S
205300;;;PEARLS;SEASHELLS;10004.0;1;B
205600;;;PEARLS;SEASHELLS;9995.0;8;S
205900;;;PEARLS;SEASHELLS;9998.0;1;S
206200;;;PEARLS;SEASHELLS;9998.0;1;B
206400;;;PEARLS;SEASHELLS;9995.0;1;S
207100;;;PEARLS;SEASHELLS;10005.0;2;B
207800;;;PEARLS;SEASHELLS;9998.0;4;B
208500;;;PEARLS;SEASHELLS;9998.0;1;B
209000;;;PEARLS;SEASHELLS;9998.0;4;B
209300;;;PEARLS;SEASHELLS;9995.0;1;S
209900;;;PEARLS;SEASHELLS;9996.0;2;S
210000;;;PEARLS;SEASHELLS;9998.0;1;B
210000;;;PEARLS;SEASHELLS;9995.0;4;S
210400;;;PEARLS;SEASHELLS;10002.0;1;B
212700;;;PEARLS;SEASHELLS;9996.0;2;S
212800;;;PEARLS;SEASHELLS;10002.0;3;S
212900;;;PEARLS;SEASHELLS;9998.0;5;B
213100;;;PEARLS;SEASHELLS;9998.0;1;B
213100;;;PEARLS;SEASHELLS;9998.0;3;B
213400;;;PEARLS;SEASHELLS;9998.0;2;S
214400;;;PEARLS;SEASHELLS;10004.0;2;B
214600;;;PEARLS;SEASHELLS;9998.0;1;S
215100;;;PEARLS;SEASHELLS;10005.0;2;B
215200;;;PEARLS;SEASHELLS;10002.0;1;B
216500;;;PEARLS;SEASHELLS;10002.0;1;M
217100;;;PEARLS;SEASHELLS;10004.0;1;B
217500;;;PEARLS;SEASHELLS;10002.0;1;S
217900;;;PEARLS;SEASHELLS;9996.0;1;S
218100;;;PEARLS;SEASHELLS;9998.0;1;B
218400;;;PEARLS;SEASHELLS;10005.0;1;B
220100;;;PEARLS;SEASHELLS;9996.0;1;S
220300;;;PEARLS;SEASHELLS;10002.0;1;S
222500;;;PEARLS;SEASHELLS;9998.0;1;B
222600;;;PEARLS;SEASHELLS;10002.0;1;S
222900;;;PEARLS;SEASHELLS;10005.0;8;B
223200;;;PEARLS;SEASHELLS;10002.0;1;S
223900;;;PEARLS;SEASHELLS;10002.0;3;S
224300;;;PEARLS;SEASHELLS;10004.0;2;B
224500;;;PEARLS;SEASHELLS;10004.0;1;B
224800;;;PEARLS;SEASHELLS;10005.0;7;B
226000;;;PEARLS;SEASHELLS;9995.0;2;S
226100;;;PEARLS;SEASHELLS;10005.0;1;B
226300;;;PEARLS;SEASHELLS;10002.0;1;B
226500;;;PEARLS;SEASHELLS;10002.0;1;S
227400;;;PEARLS;SEASHELLS;9998.0;5;S
227600;;;PEARLS;SEASHELLS;9998.0;3;S
227600;;;PEARLS;SEASHELLS;9998.0;1;S
227600;;;PEARLS;SEASHELLS;9998.0;3;S
227700;;;PEARLS;SEASHELLS;10004.0;1;B
227700;;;PEARLS;SEASHELLS;9998.0;4;S
228300;;;PEARLS;SEASHELLS;9998.0;4;S
228700;;;PEARLS;SEASHELLS;9998.0;1;S
229200;;;PEARLS;SEASHELLS;10005.0;8;B
229600;;;PEARLS;SEASHELLS;10002.0;4;B
230000;;;PEARLS;SEASHELLS;10002.0;1;S
230600;;;PEARLS;SEASHELLS;9996.0;2;S
232700;;;PEARLS;SEASHELLS;9998.0;2;B
233000;;;PEARLS;SEASHELLS;9998.0;4;B
233100;;;PEARLS;SEASHELLS;10002.0;1;B
233200;;;PEARLS;SEASHELLS;9998.0;1;B
233500;;;PEARLS;SEASHELLS;10002.0;1;M
234500;;;PEARLS;SEASHELLS;9998.0;1;S
234800;;;PEARLS;SEASHELLS;9998.0;1;B
235400;;;PEARLS;SEASHELLS;9998.0;1;B
235700;;;PEARLS;SEASHELLS;10002.0;1;S
236100;;;PEARLS;SEASHELLS;9998.0;1;B
236100;;;PEARLS;SEASHELLS;9995.0;5;S
236100;;;PEARLS;SEASHELLS;9995.0;12;S
236400;;;PEARLS;SEASHELLS;9998.0;1;B
236400;;;PEARLS;SEASHELLS;9996.0;2;S
236500;;;PEARLS;SEASHELLS;9995.0;2;S
236600;;;PEARLS;SEASHELLS;10000.0;3;S
237000;;;PEARLS;SEASHELLS;10005.0;1;B
237000;;;PEARLS;SEASHELLS;10004.0;1;B
237100;;;PEARLS;SEASHELLS;9995.0;4;S
237100;;;PEARLS;SEASHELLS;9998.0;1;B
237900;;;PEARLS;SEASHELLS;10004.0;1;B
238000;;;PEARLS;SEASHELLS;10004.0;1;B
238700;;;PEARLS;SEASHELLS;10002.0;1;S
239400;;;PEARLS;SEASHELLS;10002.0;1;S
239800;;;PEARLS;SEASHELLS;9998.0;1;S
240100;;;PEARLS;SEASHELLS;9998.0;1;S
240700;;;PEARLS;SEASHELLS;9998.0;1;B
241200;;;PEARLS;SEASHELLS;9998.0;3;B
241300;;;PEARLS;SEASHELLS;9998.0;4;B
241300;;;PEARLS;SEASHELLS;9998.0;8;B
241400;;;PEARLS;SEASHELLS;9996.0;1;S
241400;;;PEARLS;SEASHELLS;9996.0;9;S
241700;;;PEARLS;SEASHELLS;10002.0;2;B
241800;;;PEARLS;SEASHELLS;10002.0;1;M
242200;;;PEARLS;SEASHELLS;9998.0;1;B
242300;;;PEARLS;SEASHELLS;10002.0;1;S
242800;;;PEARLS;SEASHELLS;10005.0;8;B
243200;;;PEARLS;SEASHELLS;10005.0;4;B
243300;;;PEARLS;SEASHELLS;9998.0;3;M
243400;;;PEARLS;SEASHELLS;9996.0;1;S
243700;;;PEARLS;SEASHELLS;9996.0;1;S
244100;;;PEARLS;SEASHELLS;9998.0;1;B
244400;;;PEARLS;SEASHELLS;9998.0;1;B
244900;;;PEARLS;SEASHELLS;10002.0;1;B
245000;;;PEARLS;SEASHELLS;10002.0;8;B
246100;;;PEARLS;SEASHELLS;10002.0;3;S
246200;;;PEARLS;SEASHELLS;10002.0;3;S
247100;;;PEARLS;SEASHELLS;9998.0;1;B
247600;;;PEARLS;SEASHELLS;9998.0;2;S
247600;;;PEARLS;SEASHELLS;9998.0;1;S
247600;;;PEARLS;SEASHELLS;9998.0;4;S
247700;;;PEARLS;SEASHELLS;9996.0;2;S
247700;;;PEARLS;SEASHELLS;9998.0;6;B
247900;;;PEARLS;SEASHELLS;9996.0;9;S
247900;;;PEARLS;SEASHELLS;9996.0;1;S
248400;;;PEARLS;SEASHELLS;9996.0;1;S
248700;;;PEARLS;SEASHELLS;9998.0;1;B
249000;;;PEARLS;SEASHELLS;10002.0;1;S
249300;;;PEARLS;SEASHELLS;9998.0;1;B
249400;;;PEARLS;SEASHELLS;9998.0;1;M
249800;;;PEARLS;SEASHELLS;10002.0;1;S
249900;;;PEARLS;SEASHELLS;10002.0;1;S
250500;;;PEARLS;SEASHELLS;10002.0;1;S
250500;;;PEARLS;SEASHELLS;10005.0;2;B
250700;;;PEARLS;SEASHELLS;9998.0;3;S
251100;;;PEARLS;SEASHELLS;10002.0;5;S
251700;;;PEARLS;SEASHELLS;9996.0;2;S
251700;;;PEARLS;SEASHELLS;9996.0;2;S
251700;;;PEARLS;SEASHELLS;9998.0;1;B
252300;;;PEARLS;SEASHELLS;10002.0;5;B
252800;;;PEARLS;SEASHELLS;9996.0;2;S
253500;;;PEARLS;SEASHELLS;9996.0;1;S
253800;;;PEARLS;SEASHELLS;10002.0;1;B
254000;;;PEARLS;SEASHELLS;10005.0;2;B
254700;;;PEARLS;SEASHELLS;10004.0;1;B
254800;;;PEARLS;SEASHELLS;10002.0;1;S
255100;;;PEARLS;SEASHELLS;9996.0;1;S
257000;;;PEARLS;SEASHELLS;10002.0;1;B
257600;;;PEARLS;SEASHELLS;9996.0;1;S
258000;;;PEARLS;SEASHELLS;9998.0;1;B
258200;;;PEARLS;SEASHELLS;9995.0;2;S
258400;;;PEARLS;SEASHELLS;10005.0;5;B
259300;;;PEARLS;SEASHELLS;9998.0;1;S
260000;;;PEARLS;SEASHELLS;10002.0;1;B
260200;;;PEARLS;SEASHELLS;9995.0;1;S
260300;;;PEARLS;SEASHELLS;10002.0;1;S
260600;;;PEARLS;SEASHELLS;10004.0;1;B
261200;;;PEARLS;SEASHELLS;10002.0;1;B
261300;;;PEARLS;SEASHELLS;10002.0;1;S
261500;;;PEARLS;SEASHELLS;9998.0;1;S
261600;;;PEARLS;SEASHELLS;10002.0;1;S
262200;;;PEARLS;SEASHELLS;10005.0;2;B
262400;;;PEARLS;SEASHELLS;10002.0;1;B
262500;;;PEARLS;SEASHELLS;9998.0;2;B
263800;;;PEARLS;SEASHELLS;10002.0;1;B
264700;;;PEARLS;SEASHELLS;9998.0;1;B
265000;;;PEARLS;SEASHELLS;9998.0;1;B
265700;;;PEARLS;SEASHELLS;10004.0;2;B
265900;;;PEARLS;SEASHELLS;10000.0;1;S
266000;;;PEARLS;SEASHELLS;9998.0;3;S
266700;;;PEARLS;SEASHELLS;10002.0;1;S
266800;;;PEARLS;SEASHELLS;10004.0;1;B
267000;;;PEARLS;SEASHELLS;10002.0;5;S
267600;;;PEARLS;SEASHELLS;10002.0;1;S
268800;;;PEARLS;SEASHELLS;10004.0;2;B
269000;;;PEARLS;SEASHELLS;9996.0;1;S
269000;;;PEARLS;SEASHELLS;9996.0;1;S
269200;;;PEARLS;SEASHELLS;10002.0;8;M
269400;;;PEARLS;SEASHELLS;9995.0;5;S
269700;;;PEARLS;SEASHELLS;9998.0;1;B
269800;;;PEARLS;SEASHELLS;10002.0;1;S
269800;;;PEARLS;SEASHELLS;10002.0;2;S
270200;;;PEARLS;SEASHELLS;9998.0;1;S
270400;;;PEARLS;SEASHELLS;10005.0;5;B
270900;;;PEARLS;SEASHELLS;10004.0;2;B
271600;;;PEARLS;SEASHELLS;9998.0;1;S
271800;;;PEARLS;SEASHELLS;10004.0;2;B
272300;;;PEARLS;SEASHELLS;10002.0;2;S
272700;;;PEARLS;SEASHELLS;9998.0;1;B
272800;;;PEARLS;SEASHELLS;10004.0;1;B
272800;;;PEARLS;SEASHELLS;10005.0;2;B
273400;;;PEARLS;SEASHELLS;9996.0;2;S
273400;;;PEARLS;SEASHELLS;9996.0;6;S
275600;;;PEARLS;SEASHELLS;9998.0;1;B
276500;;;PEARLS;SEASHELLS;9998.0;1;B
277000;;;PEARLS;SEASHELLS;9996.0;2;S
278200;;;PEARLS;SEASHELLS;9998.0;3;B
278500;;;PEARLS;SEASHELLS;9996.0;1;S
279400;;;PEARLS;SEASHELLS;9996.0;2;S
279400;;;PEARLS;SEASHELLS;9995.0;2;S
279900;;;PEARLS;SEASHELLS;9996.0;1;S
280400;;;PEARLS;SEASHELLS;10004.0;2;B
280900;;;PEARLS;SEASHELLS;10000.0;2;S
281100;;;PEARLS;SEASHELLS;10002.0;5;S
282400;;;PEARLS;SEASHELLS;10002.0;1;S
282500;;;PEARLS;SEASHELLS;9995.0;2;S
283300;;;PEARLS;SEASHELLS;10004.0;1;B
283300;;;PEARLS;SEASHELLS;10004.0;1;B
283600;;;PEARLS;SEASHELLS;10002.0;1;S
283700;;;PEARLS;SEASHELLS;9998.0;1;B
284300;;;PEARLS;SEASHELLS;9998.0;1;S
284500;;;PEARLS;SEASHELLS;9996.0;2;S
285100;;;PEARLS;SEASHELLS;9996.0;1;S
285700;;;PEARLS;SEASHELLS;9996.0;2;S
286000;;;PEARLS;SEASHELLS;9998.0;1;B
288100;;;PEARLS;SEASHELLS;10002.0;4;S
288100;;;PEARLS;SEASHELLS;10002.0;1;S
288900;;;PEARLS;SEASHELLS;10004.0;1;B
289800;;;PEARLS;SEASHELLS;10004.0;2;B
290300;;;PEARLS;SEASHELLS;9998.0;1;B
291400;;;PEARLS;SEASHELLS;9995.0;4;S
291500;;;PEARLS;SEASHELLS;9998.0;1;B
291700;;;PEARLS;SEASHELLS;9998.0;1;B
292200;;;PEARLS;SEASHELLS;10002.0;1;S
292300;;;PEARLS;SEASHELLS;9996.0;2;S
292400;;;PEARLS;SEASHELLS;10002.0;1;S
292500;;;PEARLS;SEASHELLS;10002.0;3;S
292500;;;PEARLS;SEASHELLS;10002.0;2;S
292800;;;PEARLS;SEASHELLS;10002.0;1;S
293700;;;PEARLS;SEASHELLS;10002.0;1;S
294900;;;PEARLS;SEASHELLS;9995.0;1;S
295700;;;PEARLS;SEASHELLS;10004.0;1;B
295800;;;PEARLS;SEASHELLS;10002.0;1;S
296200;;;PEARLS;SEASHELLS;10002.0;1;B
296400;;;PEARLS;SEASHELLS;9998.0;5;S
297300;;;PEARLS;SEASHELLS;10004.0;2;B
297400;;;PEARLS;SEASHELLS;9998.0;2;B
297700;;;PEARLS;SEASHELLS;10002.0;1;B
297800;;;PEARLS;SEASHELLS;10002.0;3;S
298100;;;PEARLS;SEASHELLS;9998.0;2;S
299500;;;PEARLS;SEASHELLS;9995.0;5;S
300800;;;PEARLS;SEASHELLS;10005.0;1;B
301400;;;PEARLS;SEASHELLS;10005.0;2;B
301500;;;PEARLS;SEASHELLS;10002.0;1;S
302100;;;PEARLS;SEASHELLS;10004.0;1;B
302400;;;PEARLS;SEASHELLS;9998.0;1;B
302400;;;PEARLS;SEASHELLS;9998.0;4;B
302500;;;PEARLS;SEASHELLS;9998.0;1;B
303100;;;PEARLS;SEASHELLS;10005.0;2;B
303600;;;PEARLS;SEASHELLS;9998.0;5;M
303700;;;PEARLS;SEASHELLS;10002.0;1;S
305100;;;PEARLS;SEASHELLS;9998.0;1;S
305900;;;PEARLS;SEASHELLS;10002.0;3;B
306300;;;PEARLS;SEASHELLS;9998.0;1;B
306700;;;PEARLS;SEASHELLS;9998.0;2;B
307400;;;PEARLS;SEASHELLS;9998.0;1;B
307900;;;PEARLS;SEASHELLS;10004.0;1;B
308000;;;PEARLS;SEASHELLS;10002.0;1;S
308200;;;PEARLS;SEASHELLS;9996.0;1;S
308300;;;PEARLS;SEASHELLS;10002.0;1;S
309600;;;PEARLS;SEASHELLS;9998.0;2;S
309800;;;PEARLS;SEASHELLS;9998.0;1;B
310600;;;PEARLS;SEASHELLS;10002.0;1;B
310900;;;PEARLS;SEASHELLS;10004.0;2;B
311700;;;PEARLS;SEASHELLS;9996.0;2;S
312300;;;PEARLS;SEASHELLS;9996.0;2;S
312600;;;PEARLS;SEASHELLS;10004.0;2;B
312600;;;PEARLS;SEASHELLS;10004.0;8;B
313100;;;PEARLS;SEASHELLS;9996.0;1;S
313100;;;PEARLS;SEASHELLS;9996.0;2;S
313600;;;PEARLS;SEASHELLS;10005.0;5;B
313700;;;PEARLS;SEASHELLS;9998.0;2;B
313700;;;PEARLS;SEASHELLS;9998.0;2;B
314000;;;PEARLS;SEASHELLS;10002.0;1;B
314100;;;PEARLS;SEASHELLS;10002.0;1;B
314700;;;PEARLS;SEASHELLS;10002.0;1;S
315300;;;PEARLS;SEASHELLS;10002.0;5;B
315500;;;PEARLS;SEASHELLS;9998.0;2;S
315800;;;PEARLS;SEASHELLS;10002.0;1;B
316200;;;PEARLS;SEASHELLS;10004.0;2;B
316600;;;PEARLS;SEASHELLS;10005.0;1;B
317700;;;PEARLS;SEASHELLS;10002.0;1;B
317800;;;PEARLS;SEASHELLS;9998.0;3;B
318000;;;PEARLS;SEASHELLS;9998.0;1;B
318600;;;PEARLS;SEASHELLS;10002.0;2;B
319000;;;PEARLS;SEASHELLS;9998.0;1;B
319800;;;PEARLS;SEASHELLS;10002.0;1;B
320100;;;PEARLS;SEASHELLS;9998.0;1;B
320300;;;PEARLS;SEASHELLS;10004.0;1;B
320900;;;PEARLS;SEASHELLS;10005.0;3;B
321300;;;PEARLS;SEASHELLS;10004.0;2;B
321900;;;PEARLS;SEASHELLS;9996.0;1;S
324100;;;PEARLS;SEASHELLS;9998.0;2;S
324200;;;PEARLS;SEASHELLS;9998.0;1;B
324600;;;PEARLS;SEASHELLS;9995.0;6;S
325000;;;PEARLS;SEASHELLS;10005.0;5;B
325100;;;PEARLS;SEASHELLS;9996.0;1;S
326000;;;PEARLS;SEASHELLS;9996.0;2;S
326900;;;PEARLS;SEASHELLS;10002.0;1;B
327100;;;PEARLS;SEASHELLS;10002.0;2;S
327800;;;PEARLS;SEASHELLS;9996.0;1;S
329100;;;PEARLS;SEASHELLS;10005.0;10;B
329300;;;PEARLS;SEASHELLS;9998.0;1;S
329700;;;PEARLS;SEASHELLS;9998.0;1;B
329800;;;PEARLS;SEASHELLS;10004.0;3;B
329800;;;PEARLS;SEASHELLS;10004.0;1;B
330600;;;PEARLS;SEASHELLS;9998.0;2;S
330600;;;PEARLS;SEASHELLS;9998.0;3;S
331100;;;PEARLS;SEASHELLS;10002.0;1;S
331200;;;PEARLS;SEASHELLS;10002.0;1;S
331400;;;PEARLS;SEASHELLS;9998.0;1;B
331700;;;PEARLS;SEASHELLS;9998.0;1;B
331800;;;PEARLS;SEASHELLS;9998.0;1;S
331800;;;PEARLS;SEASHELLS;10000.0;1;S
332500;;;PEARLS;SEASHELLS;10002.0;1;S
333100;;;PEARLS;SEASHELLS;10004.0;2;B
333500;;;PEARLS;SEASHELLS;9995.0;9;S
333900;;;PEARLS;SEASHELLS;10002.0;2;S
335300;;;PEARLS;SEASHELLS;9998.0;1;B
335400;;;PEARLS;SEASHELLS;10002.0;1;B
335800;;;PEARLS;SEASHELLS;9998.0;1;B
336000;;;PEARLS;SEASHELLS;9995.0;8;S
336200;;;PEARLS;SEASHELLS;9998.0;1;B
336500;;;PEARLS;SEASHELLS;9998.0;3;S
336600;;;PEARLS;SEASHELLS;9996.0;2;S
336800;;;PEARLS;SEASHELLS;9996.0;1;S
336800;;;PEARLS;SEASHELLS;9996.0;2;S
336800;;;PEARLS;SEASHELLS;9998.0;1;B
337100;;;PEARLS;SEASHELLS;9998.0;1;B
337200;;;PEARLS;SEASHELLS;9998.0;2;S
337200;;;PEARLS;SEASHELLS;9998.0;2;S
337500;;;PEARLS;SEASHELLS;10002.0;5;S
337600;;;PEARLS;SEASHELLS;9996.0;1;S
338300;;;PEARLS;SEASHELLS;10004.0;1;B
339000;;;PEARLS;SEASHELLS;9998.0;1;B
339900;;;PEARLS;SEASHELLS;9998.0;1;S
340700;;;PEARLS;SEASHELLS;9996.0;2;S
340700;;;PEARLS;SEASHELLS;9996.0;2;S
340700;;;PEARLS;SEASHELLS;9996.0;8;S
341000;;;PEARLS;SEASHELLS;10004.0;2;B
341200;;;PEARLS;SEASHELLS;9996.0;1;S
341200;;;PEARLS;SEASHELLS;9996.0;1;S
341300;;;PEARLS;SEASHELLS;10002.0;1;S
341400;;;PEARLS;SEASHELLS;9998.0;1;S
341900;;;PEARLS;SEASHELLS;9998.0;1;B
342900;;;PEARLS;SEASHELLS;10005.0;2;B
343700;;;PEARLS;SEASHELLS;10002.0;1;S
344100;;;PEARLS;SEASHELLS;10002.0;1;S
344200;;;PEARLS;SEASHELLS;9996.0;2;S
344300;;;PEARLS;SEASHELLS;10002.0;1;S
345400;;;PEARLS;SEASHELLS;9998.0;1;S
345500;;;PEARLS;SEASHELLS;9998.0;1;B
345800;;;PEARLS;SEASHELLS;9996.0;1;S
345800;;;PEARLS;SEASHELLS;9996.0;5;S
346200;;;PEARLS;SEASHELLS;9996.0;6;S
346200;;;PEARLS;SEASHELLS;9996.0;1;S
346400;;;PEARLS;SEASHELLS;10002.0;1;B
346600;;;PEARLS;SEASHELLS;10004.0;1;B
347100;;;PEARLS;SEASHELLS;9998.0;1;B
347500;;;PEARLS;SEASHELLS;10002.0;2;B
349400;;;PEARLS;SEASHELLS;10004.0;6;B
349400;;;PEARLS;SEASHELLS;10004.0;1;B
349600;;;PEARLS;SEASHELLS;9996.0;1;S
350400;;;PEARLS;SEASHELLS;10002.0;3;B
350400;;;PEARLS;SEASHELLS;10002.0;3;B
350700;;;PEARLS;SEASHELLS;9998.0;5;B
350800;;;PEARLS;SEASHELLS;9996.0;2;S
350900;;;PEARLS;SEASHELLS;10002.0;1;S
351000;;;PEARLS;SEASHELLS;9998.0;1;M
351400;;;PEARLS;SEASHELLS;10005.0;2;B
351800;;;PEARLS;SEASHELLS;10004.0;4;B
351800;;;PEARLS;SEASHELLS;10002.0;2;S
351800;;;PEARLS;SEASHELLS;10004.0;2;B
352200;;;PEARLS;SEASHELLS;10002.0;1;S
353100;;;PEARLS;SEASHELLS;9996.0;1;S
353200;;;PEARLS;SEASHELLS;10002.0;1;S
353200;;;PEARLS;SEASHELLS;10002.0;0;S
353200;;;PEARLS;SEASHELLS;10002.0;6;S
353200;;;PEARLS;SEASHELLS;10002.0;1;S
353600;;;PEARLS;SEASHELLS;9995.0;2;S
354200;;;PEARLS;SEASHELLS;10000.0;1;B
354300;;;PEARLS;SEASHELLS;10002.0;3;M
355100;;;PEARLS;SEASHELLS;9996.0;1;S
355500;;;PEARLS;SEASHELLS;9998.0;1;B
356600;;;PEARLS;SEASHELLS;10004.0;1;B
356600;;;PEARLS;SEASHELLS;10002.0;1;S
356600;;;PEARLS;SEASHELLS;10004.0;11;B
357500;;;PEARLS;SEASHELLS;9995.0;5;S
358000;;;PEARLS;SEASHELLS;9996.0;2;S
358400;;;PEARLS;SEASHELLS;10002.0;7;B
358600;;;PEARLS;SEASHELLS;10002.0;1;S
359300;;;PEARLS;SEASHELLS;9995.0;6;S
359600;;;PEARLS;SEASHELLS;10002.0;1;S
359900;;;PEARLS;SEASHELLS;9996.0;1;S
360000;;;PEARLS;SEASHELLS;9998.0;1;S
360400;;;PEARLS;SEASHELLS;10002.0;1;S
360900;;;PEARLS;SEASHELLS;9998.0;4;B
361300;;;PEARLS;SEASHELLS;9996.0;1;S
361300;;;PEARLS;SEASHELLS;9996.0;1;S
362500;;;PEARLS;SEASHELLS;10002.0;1;B
362700;;;PEARLS;SEASHELLS;10002.0;1;S
362800;;;PEARLS;SEASHELLS;10002.0;5;S
363200;;;PEARLS;SEASHELLS;10004.0;1;B
363200;;;PEARLS;SEASHELLS;10004.0;1;B
364000;;;PEARLS;SEASHELLS;10002.0;1;S
365300;;;PEARLS;SEASHELLS;9998.0;5;S
365300;;;PEARLS;SEASHELLS;9998.0;1;S
365900;;;PEARLS;SEASHELLS;9998.0;5;B
366100;;;PEARLS;SEASHELLS;9998.0;1;B
366500;;;PEARLS;SEASHELLS;10002.0;1;S
367200;;;PEARLS;SEASHELLS;10002.0;1;S
368000;;;PEARLS;SEASHELLS;10005.0;2;B
368100;;;PEARLS;SEASHELLS;10004.0;1;B
368100;;;PEARLS;SEASHELLS;10002.0;1;S
368700;;;PEARLS;SEASHELLS;9998.0;2;B
368800;;;PEARLS;SEASHELLS;10004.0;1;B
369100;;;PEARLS;SEASHELLS;10004.0;1;B
369700;;;PEARLS;SEASHELLS;10002.0;4;S
370700;;;PEARLS;SEASHELLS;10002.0;1;B
370800;;;PEARLS;SEASHELLS;9998.0;1;S
370900;;;PEARLS;SEASHELLS;9996.0;1;S
370900;;;PEARLS;SEASHELLS;9996.0;1;S
371200;;;PEARLS;SEASHELLS;9998.0;1;B
371400;;;PEARLS;SEASHELLS;9998.0;5;S
371900;;;PEARLS;SEASHELLS;9998.0;1;B
372200;;;PEARLS;SEASHELLS;10002.0;5;S
372700;;;PEARLS;SEASHELLS;10004.0;2;B
373500;;;PEARLS;SEASHELLS;9995.0;1;S
374000;;;PEARLS;SEASHELLS;10002.0;4;S
374300;;;PEARLS;SEASHELLS;9998.0;1;S
374600;;;PEARLS;SEASHELLS;9998.0;1;B
375300;;;PEARLS;SEASHELLS;9996.0;1;S
375400;;;PEARLS;SEASHELLS;10004.0;1;B
375900;;;PEARLS;SEASHELLS;10002.0;2;S
376100;;;PEARLS;SEASHELLS;10002.0;5;S
376300;;;PEARLS;SEASHELLS;10004.0;2;B
377400;;;PEARLS;SEASHELLS;9996.0;2;S
378300;;;PEARLS;SEASHELLS;9998.0;1;B
378700;;;PEARLS;SEASHELLS;10002.0;4;S
379700;;;PEARLS;SEASHELLS;9996.0;1;S
379800;;;PEARLS;SEASHELLS;10002.0;1;B
381000;;;PEARLS;SEASHELLS;10004.0;2;B
381200;;;PEARLS;SEASHELLS;10004.0;1;B
381200;;;PEARLS;SEASHELLS;10002.0;1;S
381200;;;PEARLS;SEASHELLS;10004.0;1;B
381700;;;PEARLS;SEASHELLS;10002.0;1;S
383300;;;PEARLS;SEASHELLS;10002.0;1;S
383600;;;PEARLS;SEASHELLS;9996.0;1;S
384000;;;PEARLS;SEASHELLS;9996.0;2;S
384100;;;PEARLS;SEASHELLS;9998.0;3;S
384200;;;PEARLS;SEASHELLS;9996.0;1;S
384500;;;PEARLS;SEASHELLS;10002.0;1;S
384600;;;PEARLS;SEASHELLS;9998.0;1;S
386000;;;PEARLS;SEASHELLS;9998.0;1;B
386500;;;PEARLS;SEASHELLS;10002.0;1;S
386500;;;PEARLS;SEASHELLS;10002.0;3;S
386600;;;PEARLS;SEASHELLS;9996.0;1;S
387600;;;PEARLS;SEASHELLS;9998.0;1;B
387700;;;PEARLS;SEASHELLS;9995.0;2;S
387900;;;PEARLS;SEASHELLS;10005.0;1;B
389000;;;PEARLS;SEASHELLS;9996.0;2;S
389700;;;PEARLS;SEASHELLS;9998.0;1;S
389800;;;PEARLS;SEASHELLS;9996.0;1;S
390400;;;PEARLS;SEASHELLS;10002.0;1;S
390700;;;PEARLS;SEASHELLS;10002.0;1;S
391100;;;PEARLS;SEASHELLS;9996.0;2;S
392300;;;PEARLS;SEASHELLS;10005.0;2;B
393000;;;PEARLS;SEASHELLS;9998.0;1;M
393100;;;PEARLS;SEASHELLS;9998.0;1;B
393300;;;PEARLS;SEASHELLS;10000.0;1;S
393300;;;PEARLS;SEASHELLS;9998.0;1;S
393600;;;PEARLS;SEASHELLS;9998.0;1;S
394500;;;PEARLS;SEASHELLS;9996.0;1;S
394700;;;PEARLS;SEASHELLS;10004.0;1;B
394900;;;PEARLS;SEASHELLS;9998.0;1;B
396700;;;PEARLS;SEASHELLS;9996.0;2;S
396800;;;PEARLS;SEASHELLS;10002.0;2;S
397700;;;PEARLS;SEASHELLS;10002.0;1;B
399200;;;PEARLS;SEASHELLS;10002.0;3;S
400400;;;PEARLS;SEASHELLS;9996.0;1;S
400500;;;PEARLS;SEASHELLS;9998.0;1;B
400600;;;PEARLS;SEASHELLS;10004.0;1;B
400600;;;PEARLS;SEASHELLS;10004.0;1;B
400800;;;PEARLS;SEASHELLS;10002.0;5;S
401500;;;PEARLS;SEASHELLS;9998.0;3;B
401500;;;PEARLS;SEASHELLS;9998.0;8;B
401600;;;PEARLS;SEASHELLS;9998.0;1;S
402400;;;PEARLS;SEASHELLS;9996.0;2;S
402800;;;PEARLS;SEASHELLS;9998.0;1;B
403200;;;PEARLS;SEASHELLS;10002.0;1;B
403800;;;PEARLS;SEASHELLS;9998.0;1;B
404200;;;PEARLS;SEASHELLS;10002.0;3;B
404900;;;PEARLS;SEASHELLS;9998.0;2;S
405200;;;PEARLS;SEASHELLS;9998.0;3;S
405900;;;PEARLS;SEASHELLS;9998.0;1;B
406200;;;PEARLS;SEASHELLS;10002.0;3;S
407500;;;PEARLS;SEASHELLS;9995.0;1;S
407500;;;PEARLS;SEASHELLS;9998.0;5;B
407500;;;PEARLS;SEASHELLS;9998.0;1;B
407900;;;PEARLS;SEASHELLS;9998.0;1;B
408600;;;PEARLS;SEASHELLS;10002.0;1;S
409100;;;PEARLS;SEASHELLS;9998.0;1;S
409200;;;PEARLS;SEASHELLS;9998.0;1;B
410200;;;PEARLS;SEASHELLS;9998.0;1;M
410600;;;PEARLS;SEASHELLS;10004.0;2;B
410600;;;PEARLS;SEASHELLS;10004.0;9;B
410700;;;PEARLS;SEASHELLS;9998.0;1;B
411900;;;PEARLS;SEASHELLS;9998.0;1;S
412000;;;PEARLS;SEASHELLS;10002.0;3;S
412000;;;PEARLS;SEASHELLS;10002.0;1;S
412100;;;PEARLS;SEASHELLS;9998.0;1;S
412600;;;PEARLS;SEASHELLS;9996.0;2;S
412900;;;PEARLS;SEASHELLS;10004.0;1;B
413000;;;PEARLS;SEASHELLS;10002.0;5;B
413100;;;PEARLS;SEASHELLS;10002.0;1;B
413100;;;PEARLS;SEASHELLS;9995.0;2;S
413300;;;PEARLS;SEASHELLS;10002.0;1;B
413600;;;PEARLS;SEASHELLS;10002.0;2;S
414000;;;PEARLS;SEASHELLS;10005.0;1;B
414000;;;PEARLS;SEASHELLS;9998.0;1;S
414000;;;PEARLS;SEASHELLS;10004.0;2;B
414000;;;PEARLS;SEASHELLS;10004.0;5;B
415100;;;PEARLS;SEASHELLS;10002.0;3;S
415100;;;PEARLS;SEASHELLS;10002.0;8;S
415800;;;PEARLS;SEASHELLS;9995.0;6;S
416100;;;PEARLS;SEASHELLS;9998.0;3;S
416100;;;PEARLS;SEASHELLS;9998.0;2;S
416800;;;PEARLS;SEASHELLS;10004.0;1;B
417800;;;PEARLS;SEASHELLS;9998.0;1;B
417800;;;PEARLS;SEASHELLS;9996.0;1;S
417900;;;PEARLS;SEASHELLS;9998.0;1;B
418300;;;PEARLS;SEASHELLS;10002.0;1;S
418500;;;PEARLS;SEASHELLS;9998.0;1;S
420100;;;PEARLS;SEASHELLS;10002.0;1;B
420200;;;PEARLS;SEASHELLS;10005.0;11;B
420300;;;PEARLS;SEASHELLS;10002.0;4;S
420600;;;PEARLS;SEASHELLS;9996.0;1;S
421200;;;PEARLS;SEASHELLS;10002.0;1;S
421500;;;PEARLS;SEASHELLS;9998.0;1;B
421900;;;PEARLS;SEASHELLS;10002.0;1;S
424000;;;PEARLS;SEASHELLS;9998.0;5;B
424400;;;PEARLS;SEASHELLS;9998.0;1;B
424400;;;PEARLS;SEASHELLS;9998.0;9;B
424600;;;PEARLS;SEASHELLS;10004.0;1;B
424600;;;PEARLS;SEASHELLS;10002.0;1;S
424700;;;PEARLS;SEASHELLS;10002.0;1;S
425000;;;PEARLS;SEASHELLS;9996.0;1;S
425600;;;PEARLS;SEASHELLS;10002.0;1;B
425600;;;PEARLS;SEASHELLS;9995.0;2;S
426300;;;PEARLS;SEASHELLS;9998.0;1;B
426400;;;PEARLS;SEASHELLS;10002.0;5;S
426800;;;PEARLS;SEASHELLS;9998.0;1;B
427200;;;PEARLS;SEASHELLS;10002.0;1;S
427700;;;PEARLS;SEASHELLS;9998.0;1;B
427800;;;PEARLS;SEASHELLS;9996.0;2;S
428100;;;PEARLS;SEASHELLS;10004.0;1;B
428700;;;PEARLS;SEASHELLS;9995.0;11;S
429100;;;PEARLS;SEASHELLS;10002.0;1;M
429800;;;PEARLS;SEASHELLS;9998.0;1;B
430100;;;PEARLS;SEASHELLS;10005.0;3;B
430500;;;PEARLS;SEASHELLS;10002.0;1;S
431100;;;PEARLS;SEASHELLS;10002.0;1;M
431100;;;PEARLS;SEASHELLS;9998.0;5;M
432300;;;PEARLS;SEASHELLS;10002.0;1;B
432700;;;PEARLS;SEASHELLS;9998.0;1;B
432800;;;PEARLS;SEASHELLS;9998.0;1;S
432800;;;PEARLS;SEASHELLS;9998.0;1;S
433100;;;PEARLS;SEASHELLS;10002.0;1;B
433300;;;PEARLS;SEASHELLS;9998.0;1;B
433500;;;PEARLS;SEASHELLS;10002.0;1;B
434000;;;PEARLS;SEASHELLS;9998.0;8;B
434800;;;PEARLS;SEASHELLS;10002.0;1;B
435400;;;PEARLS;SEASHELLS;9995.0;6;S
437200;;;PEARLS;SEASHELLS;10004.0;1;B
437400;;;PEARLS;SEASHELLS;9998.0;2;S
438400;;;PEARLS;SEASHELLS;10004.0;1;B
438800;;;PEARLS;SEASHELLS;10002.0;1;B
439300;;;PEARLS;SEASHELLS;9996.0;1;S
439700;;;PEARLS;SEASHELLS;10002.0;1;S
439800;;;PEARLS;SEASHELLS;9996.0;1;S
439800;;;PEARLS;SEASHELLS;9996.0;7;S
439900;;;PEARLS;SEASHELLS;10002.0;2;S
440300;;;PEARLS;SEASHELLS;10004.0;1;B
440300;;;PEARLS;SEASHELLS;10004.0;4;B
440700;;;PEARLS;SEASHELLS;9996.0;2;S
441200;;;PEARLS;SEASHELLS;10002.0;1;S
441200;;;PEARLS;SEASHELLS;10002.0;1;S
442100;;;PEARLS;SEASHELLS;10004.0;2;B
442100;;;PEARLS;SEASHELLS;10004.0;3;B
442100;;;PEARLS;SEASHELLS;10004.0;1;B
442300;;;PEARLS;SEASHELLS;10002.0;1;S
442500;;;PEARLS;SEASHELLS;9998.0;1;B
442900;;;PEARLS;SEASHELLS;9998.0;1;B
443000;;;PEARLS;SEASHELLS;10004.0;2;B
443100;;;PEARLS;SEASHELLS;10002.0;1;S
443300;;;PEARLS;SEASHELLS;10002.0;3;B
443500;;;PEARLS;SEASHELLS;10002.0;1;S
444100;;;PEARLS;SEASHELLS;9996.0;1;S
444100;;;PEARLS;SEASHELLS;9998.0;1;B
444100;;;PEARLS;SEASHELLS;9996.0;1;S
444200;;;PEARLS;SEASHELLS;9998.0;1;B
444400;;;PEARLS;SEASHELLS;10002.0;1;S
444500;;;PEARLS;SEASHELLS;9998.0;1;S
444700;;;PEARLS;SEASHELLS;9998.0;1;S
444900;;;PEARLS;SEASHELLS;9998.0;1;S
445300;;;PEARLS;SEASHELLS;9998.0;1;M
445600;;;PEARLS;SEASHELLS;9998.0;1;B
446600;;;PEARLS;SEASHELLS;9998.0;1;B
447000;;;PEARLS;SEASHELLS;10002.0;1;B
447400;;;PEARLS;SEASHELLS;10002.0;4;S
448500;;;PEARLS;SEASHELLS;10005.0;2;B
448700;;;PEARLS;SEASHELLS;10002.0;1;S
448800;;;PEARLS;SEASHELLS;10002.0;5;S
448800;;;PEARLS;SEASHELLS;10002.0;1;S
449400;;;PEARLS;SEASHELLS;10002.0;3;S
449400;;;PEARLS;SEASHELLS;10002.0;1;S
450100;;;PEARLS;SEASHELLS;9995.0;2;S
450400;;;PEARLS;SEASHELLS;10002.0;1;B
450800;;;PEARLS;SEASHELLS;9996.0;2;S
451300;;;PEARLS;SEASHELLS;9998.0;1;B
451600;;;PEARLS;SEASHELLS;10002.0;1;B
451800;;;PEARLS;SEASHELLS;9996.0;7;S
451800;;;PEARLS;SEASHELLS;9996.0;1;S
451900;;;PEARLS;SEASHELLS;10004.0;2;B
451900;;;PEARLS;SEASHELLS;10004.0;9;B
452200;;;PEARLS;SEASHELLS;9998.0;1;B
452200;;;PEARLS;SEASHELLS;9998.0;2;B
452500;;;PEARLS;SEASHELLS;9998.0;1;B
453200;;;PEARLS;SEASHELLS;9998.0;1;S
453900;;;PEARLS;SEASHELLS;10002.0;1;S
454300;;;PEARLS;SEASHELLS;9998.0;1;B
454500;;;PEARLS;SEASHELLS;9996.0;1;S
454800;;;PEARLS;SEASHELLS;10004.0;2;B
455600;;;PEARLS;SEASHELLS;9996.0;1;S
456000;;;PEARLS;SEASHELLS;10004.0;1;B
456400;;;PEARLS;SEASHELLS;9998.0;1;M
456700;;;PEARLS;SEASHELLS;10002.0;1;B
456900;;;PEARLS;SEASHELLS;10002.0;4;S
456900;;;PEARLS;SEASHELLS;10002.0;1;S
458400;;;PEARLS;SEASHELLS;10004.0;6;B
458400;;;PEARLS;SEASHELLS;10004.0;1;B
458500;;;PEARLS;SEASHELLS;10002.0;1;S
458800;;;PEARLS;SEASHELLS;10002.0;1;S
459000;;;PEARLS;SEASHELLS;9998.0;1;B
459700;;;PEARLS;SEASHELLS;10002.0;1;S
460100;;;PEARLS;SEASHELLS;10002.0;3;S
461400;;;PEARLS;SEASHELLS;10002.0;5;B
461700;;;PEARLS;SEASHELLS;9998.0;2;B
462100;;;PEARLS;SEASHELLS;9998.0;3;B
462100;;;PEARLS;SEASHELLS;9998.0;1;B
462200;;;PEARLS;SEASHELLS;10002.0;1;S
462300;;;PEARLS;SEASHELLS;10002.0;1;S
463200;;;PEARLS;SEASHELLS;10002.0;1;S
463900;;;PEARLS;SEASHELLS;10002.0;1;S
463900;;;PEARLS;SEASHELLS;10005.0;7;B
464100;;;PEARLS;SEASHELLS;9996.0;1;S
464500;;;PEARLS;SEASHELLS;10000.0;1;S
464700;;;PEARLS;SEASHELLS;10002.0;2;B
464900;;;PEARLS;SEASHELLS;9998.0;1;S
465000;;;PEARLS;SEASHELLS;10002.0;3;S
465200;;;PEARLS;SEASHELLS;10004.0;2;B
465300;;;PEARLS;SEASHELLS;10002.0;1;S
465500;;;PEARLS;SEASHELLS;10004.0;5;B
465500;;;PEARLS;SEASHELLS;10004.0;1;B
466100;;;PEARLS;SEASHELLS;10002.0;1;S
466200;;;PEARLS;SEASHELLS;9996.0;2;S
467600;;;PEARLS;SEASHELLS;9995.0;10;S
468000;;;PEARLS;SEASHELLS;9998.0;1;S
469100;;;PEARLS;SEASHELLS;10004.0;2;B
469400;;;PEARLS;SEASHELLS;9998.0;1;S
469600;;;PEARLS;SEASHELLS;10004.0;2;B
470800;;;PEARLS;SEASHELLS;10004.0;1;B
471100;;;PEARLS;SEASHELLS;10002.0;1;M
471600;;;PEARLS;SEASHELLS;10004.0;1;B
471900;;;PEARLS;SEASHELLS;9998.0;4;B
472000;;;PEARLS;SEASHELLS;9998.0;1;S
472100;;;PEARLS;SEASHELLS;10005.0;2;B
472200;;;PEARLS;SEASHELLS;9998.0;2;S
473600;;;PEARLS;SEASHELLS;10002.0;1;B
474100;;;PEARLS;SEASHELLS;10005.0;11;B
474300;;;PEARLS;SEASHELLS;9998.0;1;B
476400;;;PEARLS;SEASHELLS;10005.0;2;B
477000;;;PEARLS;SEASHELLS;10002.0;5;S
477500;;;PEARLS;SEASHELLS;9996.0;1;S
477500;;;PEARLS;SEASHELLS;9998.0;5;B
477500;;;PEARLS;SEASHELLS;9996.0;1;S
477600;;;PEARLS;SEASHELLS;10002.0;1;B
477900;;;PEARLS;SEASHELLS;10000.0;2;S
478500;;;PEARLS;SEASHELLS;10002.0;2;S
478600;;;PEARLS;SEASHELLS;9998.0;2;S
478900;;;PEARLS;SEASHELLS;9996.0;1;S
479000;;;PEARLS;SEASHELLS;10002.0;1;S
479400;;;PEARLS;SEASHELLS;9998.0;1;S
479600;;;PEARLS;SEASHELLS;9996.0;6;S
479600;;;PEARLS;SEASHELLS;9996.0;2;S
479800;;;PEARLS;SEASHELLS;10002.0;5;S
481700;;;PEARLS;SEASHELLS;9998.0;1;S
482500;;;PEARLS;SEASHELLS;9998.0;1;B
482600;;;PEARLS;SEASHELLS;9998.0;5;S
482600;;;PEARLS;SEASHELLS;9998.0;2;S
482700;;;PEARLS;SEASHELLS;10002.0;5;S
483300;;;PEARLS;SEASHELLS;10004.0;1;B
484800;;;PEARLS;SEASHELLS;9996.0;2;S
484900;;;PEARLS;SEASHELLS;9996.0;1;S
485500;;;PEARLS;SEASHELLS;9998.0;1;B
485500;;;PEARLS;SEASHELLS;9996.0;2;S
485900;;;PEARLS;SEASHELLS;9996.0;1;S
487200;;;PEARLS;SEASHELLS;10004.0;2;B
487200;;;PEARLS;SEASHELLS;10004.0;1;B
487500;;;PEARLS;SEASHELLS;9996.0;2;S
487700;;;PEARLS;SEASHELLS;9996.0;1;S
487700;;;PEARLS;SEASHELLS;9996.0;2;S
488200;;;PEARLS;SEASHELLS;10002.0;1;S
488200;;;PEARLS;SEASHELLS;10005.0;2;B
490000;;;PEARLS;SEASHELLS;10002.0;1;M
490400;;;PEARLS;SEASHELLS;9995.0;1;S
490800;;;PEARLS;SEASHELLS;10002.0;1;S
490800;;;PEARLS;SEASHELLS;10002.0;3;S
491000;;;PEARLS;SEASHELLS;9998.0;1;B
491300;;;PEARLS;SEASHELLS;10002.0;1;B
492800;;;PEARLS;SEASHELLS;10002.0;2;S
492900;;;PEARLS;SEASHELLS;10004.0;1;B
493200;;;PEARLS;SEASHELLS;9996.0;1;S
493800;;;PEARLS;SEASHELLS;10002.0;4;M
494100;;;PEARLS;SEASHELLS;9998.0;1;B
494300;;;PEARLS;SEASHELLS;10005.0;7;B
495500;;;PEARLS;SEASHELLS;10002.0;2;B
496600;;;PEARLS;SEASHELLS;9998.0;3;B
496600;;;PEARLS;SEASHELLS;9998.0;1;B
496900;;;PEARLS;SEASHELLS;9998.0;1;B
496900;;;PEARLS;SEASHELLS;9998.0;5;B
498000;;;PEARLS;SEASHELLS;9998.0;2;B
498600;;;PEARLS;SEASHELLS;10004.0;2;B
498800;;;PEARLS;SEASHELLS;10002.0;1;S
499600;;;PEARLS;SEASHELLS;9996.0;2;S
499800;;;PEARLS;SEASHELLS;9998.0;1;B
500000;;;PEARLS;SEASHELLS;9996.0;1;S
500200;;;PEARLS;SEASHELLS;10002.0;5;S
500300;;;PEARLS;SEASHELLS;10004.0;1;B
500700;;;PEARLS;SEASHELLS;10002.0;9;B
500800;;;PEARLS;SEASHELLS;10002.0;1;S
500900;;;PEARLS;SEASHELLS;9996.0;2;S
501100;;;PEARLS;SEASHELLS;9998.0;3;B
501500;;;PEARLS;SEASHELLS;10002.0;2;S
501600;;;PEARLS;SEASHELLS;10004.0;1;B
501700;;;PEARLS;SEASHELLS;9998.0;1;B
501800;;;PEARLS;SEASHELLS;9998.0;3;B
501900;;;PEARLS;SEASHELLS;10002.0;2;B
502100;;;PEARLS;SEASHELLS;9998.0;1;B
502100;;;PEARLS;SEASHELLS;9998.0;5;B
502100;;;PEARLS;SEASHELLS;9996.0;2;S
502600;;;PEARLS;SEASHELLS;10002.0;1;B
502700;;;PEARLS;SEASHELLS;10004.0;1;B
503000;;;PEARLS;SEASHELLS;9996.0;8;S
503000;;;PEARLS;SEASHELLS;9996.0;2;S
503100;;;PEARLS;SEASHELLS;10002.0;3;B
503600;;;PEARLS;SEASHELLS;10002.0;1;S
505800;;;PEARLS;SEASHELLS;9996.0;2;S
506000;;;PEARLS;SEASHELLS;10004.0;1;B
506200;;;PEARLS;SEASHELLS;10002.0;1;B
506200;;;PEARLS;SEASHELLS;10002.0;1;B
506300;;;PEARLS;SEASHELLS;10005.0;1;B
506800;;;PEARLS;SEASHELLS;9998.0;2;B
507300;;;PEARLS;SEASHELLS;9998.0;1;B
507700;;;PEARLS;SEASHELLS;9998.0;1;B
508100;;;PEARLS;SEASHELLS;10005.0;1;B
508500;;;PEARLS;SEASHELLS;10002.0;5;M
508800;;;PEARLS;SEASHELLS;10002.0;2;B
509500;;;PEARLS;SEASHELLS;10002.0;1;B
509700;;;PEARLS;SEASHELLS;9998.0;5;B
510800;;;PEARLS;SEASHELLS;10002.0;1;B
510800;;;PEARLS;SEASHELLS;9998.0;9;B
511000;;;PEARLS;SEASHELLS;10002.0;1;S
511100;;;PEARLS;SEASHELLS;9998.0;1;B
511400;;;PEARLS;SEASHELLS;10002.0;5;B
512200;;;PEARLS;SEASHELLS;10002.0;1;S
512400;;;PEARLS;SEASHELLS;10002.0;1;S
512500;;;PEARLS;SEASHELLS;10004.0;1;B
512500;;;PEARLS;SEASHELLS;10004.0;4;B
513500;;;PEARLS;SEASHELLS;10004.0;1;B
514300;;;PEARLS;SEASHELLS;9996.0;2;S
515200;;;PEARLS;SEASHELLS;10002.0;1;S
516100;;;PEARLS;SEASHELLS;10004.0;2;B
516100;;;PEARLS;SEASHELLS;10004.0;1;B
516400;;;PEARLS;SEASHELLS;10004.0;1;B
516600;;;PEARLS;SEASHELLS;10002.0;2;B
517200;;;PEARLS;SEASHELLS;10004.0;1;B
517200;;;PEARLS;SEASHELLS;10004.0;2;B
517400;;;PEARLS;SEASHELLS;9995.0;9;S
517600;;;PEARLS;SEASHELLS;9995.0;2;S
517800;;;PEARLS;SEASHELLS;10002.0;1;B
518100;;;PEARLS;SEASHELLS;10002.0;2;S
518700;;;PEARLS;SEASHELLS;9995.0;1;S
519000;;;PEARLS;SEASHELLS;10004.0;2;B
519800;;;PEARLS;SEASHELLS;10002.0;1;S
520100;;;PEARLS;SEASHELLS;10005.0;5;B
520200;;;PEARLS;SEASHELLS;10002.0;6;S
520200;;;PEARLS;SEASHELLS;10002.0;3;S
521200;;;PEARLS;SEASHELLS;9998.0;2;S
521700;;;PEARLS;SEASHELLS;9998.0;1;B
521800;;;PEARLS;SEASHELLS;9996.0;1;S
521800;;;PEARLS;SEASHELLS;9996.0;7;S
522500;;;PEARLS;SEASHELLS;10002.0;5;B
522600;;;PEARLS;SEASHELLS;10002.0;1;B
522700;;;PEARLS;SEASHELLS;9998.0;1;B
523400;;;PEARLS;SEASHELLS;10002.0;1;S
523600;;;PEARLS;SEASHELLS;10002.0;1;S
523700;;;PEARLS;SEASHELLS;9996.0;1;S
524400;;;PEARLS;SEASHELLS;9998.0;6;B
524500;;;PEARLS;SEASHELLS;10005.0;2;B
524900;;;PEARLS;SEASHELLS;9995.0;2;S
525100;;;PEARLS;SEASHELLS;10002.0;1;S
525700;;;PEARLS;SEASHELLS;9996.0;1;S
525900;;;PEARLS;SEASHELLS;9998.0;3;B
526200;;;PEARLS;SEASHELLS;10002.0;1;S
526400;;;PEARLS;SEASHELLS;9996.0;2;S
527200;;;PEARLS;SEASHELLS;10002.0;1;S
527300;;;PEARLS;SEASHELLS;9998.0;1;B
527300;;;PEARLS;SEASHELLS;9998.0;4;B
527400;;;PEARLS;SEASHELLS;9998.0;1;B
530300;;;PEARLS;SEASHELLS;10002.0;1;S
530700;;;PEARLS;SEASHELLS;9998.0;1;B
531700;;;PEARLS;SEASHELLS;10002.0;3;S
531900;;;PEARLS;SEASHELLS;10004.0;2;B
532300;;;PEARLS;SEASHELLS;9998.0;1;S
532300;;;PEARLS;SEASHELLS;9998.0;5;S
532500;;;PEARLS;SEASHELLS;9996.0;1;S
534100;;;PEARLS;SEASHELLS;9996.0;1;S
535400;;;PEARLS;SEASHELLS;9998.0;1;S
536000;;;PEARLS;SEASHELLS;10002.0;1;S
536100;;;PEARLS;SEASHELLS;9998.0;6;S
536100;;;PEARLS;SEASHELLS;10004.0;1;B
536500;;;PEARLS;SEASHELLS;9998.0;3;M
536800;;;PEARLS;SEASHELLS;10002.0;5;S
536800;;;PEARLS;SEASHELLS;10002.0;1;S
537200;;;PEARLS;SEASHELLS;10005.0;3;B
537500;;;PEARLS;SEASHELLS;9998.0;1;B
539300;;;PEARLS;SEASHELLS;9998.0;1;B
539400;;;PEARLS;SEASHELLS;9998.0;1;B
539600;;;PEARLS;SEASHELLS;9998.0;1;B
539900;;;PEARLS;SEASHELLS;10004.0;10;B
539900;;;PEARLS;SEASHELLS;10004.0;1;B
540100;;;PEARLS;SEASHELLS;10004.0;1;B
540500;;;PEARLS;SEASHELLS;10002.0;1;S
540700;;;PEARLS;SEASHELLS;10004.0;1;B
541200;;;PEARLS;SEASHELLS;10005.0;1;B
541700;;;PEARLS;SEASHELLS;9998.0;1;B
542200;;;PEARLS;SEASHELLS;10002.0;4;B
542800;;;PEARLS;SEASHELLS;10002.0;1;M
542900;;;PEARLS;SEASHELLS;10002.0;2;S
544500;;;PEARLS;SEASHELLS;9995.0;9;S
544500;;;PEARLS;SEASHELLS;9995.0;1;S
545100;;;PEARLS;SEASHELLS;9998.0;2;B
545200;;;PEARLS;SEASHELLS;9996.0;2;S
546100;;;PEARLS;SEASHELLS;10002.0;1;S
547700;;;PEARLS;SEASHELLS;10002.0;1;S
547800;;;PEARLS;SEASHELLS;10002.0;1;S
548000;;;PEARLS;SEASHELLS;9996.0;1;S
548100;;;PEARLS;SEASHELLS;10002.0;1;S
548400;;;PEARLS;SEASHELLS;9996.0;1;S
548400;;;PEARLS;SEASHELLS;9996.0;1;S
550600;;;PEARLS;SEASHELLS;9998.0;1;B
550800;;;PEARLS;SEASHELLS;10004.0;1;B
550900;;;PEARLS;SEASHELLS;9996.0;1;S
551300;;;PEARLS;SEASHELLS;9998.0;2;B
551300;;;PEARLS;SEASHELLS;10002.0;2;B
551700;;;PEARLS;SEASHELLS;10004.0;1;B
551900;;;PEARLS;SEASHELLS;10004.0;1;B
551900;;;PEARLS;SEASHELLS;10004.0;1;B
552800;;;PEARLS;SEASHELLS;10002.0;1;S
553400;;;PEARLS;SEASHELLS;9998.0;5;B
553900;;;PEARLS;SEASHELLS;9995.0;1;S
554700;;;PEARLS;SEASHELLS;10002.0;1;S
554800;;;PEARLS;SEASHELLS;10002.0;1;S
555000;;;PEARLS;SEASHELLS;9998.0;6;B
555300;;;PEARLS;SEASHELLS;9996.0;1;S
555400;;;PEARLS;SEASHELLS;10002.0;1;B
555500;;;PEARLS;SEASHELLS;10002.0;1;S
555600;;;PEARLS;SEASHELLS;9996.0;1;S
556400;;;PEARLS;SEASHELLS;9998.0;1;B
556600;;;PEARLS;SEASHELLS;10002.0;1;B
556700;;;PEARLS;SEASHELLS;9996.0;6;S
556700;;;PEARLS;SEASHELLS;9996.0;2;S
558000;;;PEARLS;SEASHELLS;9998.0;1;B
558100;;;PEARLS;SEASHELLS;9998.0;4;B
558700;;;PEARLS;SEASHELLS;10002.0;4;B
559300;;;PEARLS;SEASHELLS;9995.0;2;S
559800;;;PEARLS;SEASHELLS;10002.0;1;B
560200;;;PEARLS;SEASHELLS;10002.0;1;S
560600;;;PEARLS;SEASHELLS;9995.0;1;S
560900;;;PEARLS;SEASHELLS;10002.0;5;S
561200;;;PEARLS;SEASHELLS;10002.0;3;S
561800;;;PEARLS;SEASHELLS;10002.0;1;S
563400;;;PEARLS;SEASHELLS;9998.0;3;B
563700;;;PEARLS;SEASHELLS;10005.0;6;B
564500;;;PEARLS;SEASHELLS;10002.0;9;S
564500;;;PEARLS;SEASHELLS;10002.0;3;S
565600;;;PEARLS;SEASHELLS;9995.0;1;S
566200;;;PEARLS;SEASHELLS;9998.0;1;B
566700;;;PEARLS;SEASHELLS;9998.0;3;B
566800;;;PEARLS;SEASHELLS;10004.0;2;B
567000;;;PEARLS;SEASHELLS;10004.0;1;B
567300;;;PEARLS;SEASHELLS;10002.0;2;B
567400;;;PEARLS;SEASHELLS;10002.0;5;S
567600;;;PEARLS;SEASHELLS;9995.0;8;S
567700;;;PEARLS;SEASHELLS;9995.0;2;S
567900;;;PEARLS;SEASHELLS;9998.0;4;B
568700;;;PEARLS;SEASHELLS;10002.0;1;S
569200;;;PEARLS;SEASHELLS;10002.0;1;S
570200;;;PEARLS;SEASHELLS;9998.0;9;S
570200;;;PEARLS;SEASHELLS;9998.0;3;S
570700;;;PEARLS;SEASHELLS;9996.0;1;S
570700;;;PEARLS;SEASHELLS;9996.0;1;S
570800;;;PEARLS;SEASHELLS;9998.0;1;S
571500;;;PEARLS;SEASHELLS;9998.0;1;B
571900;;;PEARLS;SEASHELLS;10002.0;2;B
572000;;;PEARLS;SEASHELLS;10004.0;1;B
572400;;;PEARLS;SEASHELLS;9998.0;1;S
572600;;;PEARLS;SEASHELLS;9995.0;1;S
573000;;;PEARLS;SEASHELLS;10004.0;2;B
574000;;;PEARLS;SEASHELLS;9996.0;2;S
574000;;;PEARLS;SEASHELLS;10002.0;1;B
574000;;;PEARLS;SEASHELLS;9996.0;5;S
574300;;;PEARLS;SEASHELLS;10002.0;2;S
574500;;;PEARLS;SEASHELLS;9996.0;2;S
574700;;;PEARLS;SEASHELLS;10002.0;5;S
574700;;;PEARLS;SEASHELLS;10005.0;10;B
574900;;;PEARLS;SEASHELLS;10002.0;1;S
575200;;;PEARLS;SEASHELLS;9998.0;1;B
575500;;;PEARLS;SEASHELLS;9998.0;1;B
575900;;;PEARLS;SEASHELLS;9998.0;1;B
576000;;;PEARLS;SEASHELLS;9998.0;1;S
576200;;;PEARLS;SEASHELLS;9998.0;1;B
576300;;;PEARLS;SEASHELLS;9998.0;2;B
576300;;;PEARLS;SEASHELLS;9998.0;2;B
576700;;;PEARLS;SEASHELLS;9998.0;1;S
576700;;;PEARLS;SEASHELLS;10005.0;10;B
577000;;;PEARLS;SEASHELLS;10004.0;2;B
578200;;;PEARLS;SEASHELLS;9998.0;1;S
578400;;;PEARLS;SEASHELLS;9995.0;1;S
578900;;;PEARLS;SEASHELLS;9998.0;1;B
579800;;;PEARLS;SEASHELLS;10002.0;1;B
579800;;;PEARLS;SEASHELLS;9998.0;1;S
579900;;;PEARLS;SEASHELLS;10002.0;3;S
580700;;;PEARLS;SEASHELLS;10002.0;1;B
580900;;;PEARLS;SEASHELLS;10002.0;1;S
581200;;;PEARLS;SEASHELLS;10004.0;1;B
581300;;;PEARLS;SEASHELLS;10004.0;2;B
582800;;;PEARLS;SEASHELLS;9998.0;4;B
582800;;;PEARLS;SEASHELLS;9998.0;1;B
583600;;;PEARLS;SEASHELLS;10002.0;1;B
583700;;;PEARLS;SEASHELLS;9996.0;2;S
585000;;;PEARLS;SEASHELLS;10002.0;1;B
585500;;;PEARLS;SEASHELLS;10004.0;2;B
585700;;;PEARLS;SEASHELLS;10002.0;1;S
586200;;;PEARLS;SEASHELLS;10005.0;1;B
586300;;;PEARLS;SEASHELLS;9998.0;1;B
586500;;;PEARLS;SEASHELLS;10005.0;1;B
586700;;;PEARLS;SEASHELLS;10005.0;11;B
587200;;;PEARLS;SEASHELLS;10004.0;1;B
587500;;;PEARLS;SEASHELLS;9998.0;1;B
588700;;;PEARLS;SEASHELLS;10002.0;1;S
588800;;;PEARLS;SEASHELLS;9998.0;1;B
589000;;;PEARLS;SEASHELLS;10002.0;3;S
589900;;;PEARLS;SEASHELLS;9998.0;1;B
590100;;;PEARLS;SEASHELLS;10004.0;2;B
590400;;;PEARLS;SEASHELLS;9998.0;1;S
590600;;;PEARLS;SEASHELLS;10002.0;1;S
591000;;;PEARLS;SEASHELLS;9998.0;1;B
591000;;;PEARLS;SEASHELLS;9998.0;1;B
591400;;;PEARLS;SEASHELLS;10002.0;1;S
591900;;;PEARLS;SEASHELLS;10002.0;1;B
592200;;;PEARLS;SEASHELLS;9998.0;1;B
592300;;;PEARLS;SEASHELLS;9998.0;1;B
592400;;;PEARLS;SEASHELLS;10002.0;1;S
592500;;;PEARLS;SEASHELLS;10004.0;2;B
592900;;;PEARLS;SEASHELLS;10004.0;1;B
593100;;;PEARLS;SEASHELLS;10000.0;1;B
593100;;;PEARLS;SEASHELLS;10002.0;1;B
593300;;;PEARLS;SEASHELLS;10004.0;2;B
594000;;;PEARLS;SEASHELLS;9998.0;4;B
594800;;;PEARLS;SEASHELLS;10004.0;2;B
594800;;;PEARLS;SEASHELLS;10005.0;2;B
594900;;;PEARLS;SEASHELLS;10002.0;1;S
595200;;;PEARLS;SEASHELLS;10002.0;3;S
595300;;;PEARLS;SEASHELLS;10000.0;1;S
595500;;;PEARLS;SEASHELLS;10004.0;1;B
595800;;;PEARLS;SEASHELLS;9998.0;1;B
596600;;;PEARLS;SEASHELLS;10004.0;1;B
596900;;;PEARLS;SEASHELLS;9998.0;1;S
597200;;;PEARLS;SEASHELLS;10002.0;1;S
597600;;;PEARLS;SEASHELLS;9995.0;11;S
598000;;;PEARLS;SEASHELLS;10002.0;1;S
598100;;;PEARLS;SEASHELLS;10004.0;2;B
598100;;;PEARLS;SEASHELLS;10004.0;8;B
598700;;;PEARLS;SEASHELLS;10002.0;1;B
599000;;;PEARLS;SEASHELLS;9995.0;2;S
599100;;;PEARLS;SEASHELLS;10004.0;1;B
599300;;;PEARLS;SEASHELLS;9998.0;2;S
599500;;;PEARLS;SEASHELLS;9998.0;2;B
599700;;;PEARLS;SEASHELLS;10004.0;1;B
599700;;;PEARLS;SEASHELLS;10004.0;1;B
600200;;;PEARLS;SEASHELLS;10002.0;1;B
600400;;;PEARLS;SEASHELLS;9998.0;1;B
600500;;;PEARLS;SEASHELLS;9998.0;8;B
601500;;;PEARLS;SEASHELLS;10000.0;4;B
601500;;;PEARLS;SEASHELLS;10002.0;1;B
601600;;;PEARLS;SEASHELLS;10004.0;1;B
601700;;;PEARLS;SEASHELLS;9998.0;2;B
602700;;;PEARLS;SEASHELLS;10004.0;1;B
602900;;;PEARLS;SEASHELLS;9995.0;6;S
604700;;;PEARLS;SEASHELLS;9998.0;1;B
605200;;;PEARLS;SEASHELLS;9996.0;2;S
605700;;;PEARLS;SEASHELLS;10004.0;1;B
607200;;;PEARLS;SEASHELLS;10004.0;6;B
607200;;;PEARLS;SEASHELLS;10004.0;1;B
607200;;;PEARLS;SEASHELLS;10004.0;5;B
607600;;;PEARLS;SEASHELLS;10005.0;4;B
607700;;;PEARLS;SEASHELLS;10002.0;5;S
608400;;;PEARLS;SEASHELLS;9995.0;2;S
609000;;;PEARLS;SEASHELLS;10002.0;2;B
609900;;;PEARLS;SEASHELLS;9996.0;1;S
610200;;;PEARLS;SEASHELLS;9998.0;1;S
610400;;;PEARLS;SEASHELLS;10005.0;2;B
610800;;;PEARLS;SEASHELLS;10000.0;1;B
611400;;;PEARLS;SEASHELLS;10002.0;1;S
611400;;;PEARLS;SEASHELLS;10002.0;3;S
611600;;;PEARLS;SEASHELLS;10002.0;5;S
611700;;;PEARLS;SEASHELLS;9995.0;6;S
611900;;;PEARLS;SEASHELLS;9998.0;8;S
612500;;;PEARLS;SEASHELLS;9998.0;1;B
612500;;;PEARLS;SEASHELLS;9998.0;4;B
612900;;;PEARLS;SEASHELLS;9995.0;1;S
614000;;;PEARLS;SEASHELLS;10005.0;1;B
614200;;;PEARLS;SEASHELLS;9998.0;1;B
614800;;;PEARLS;SEASHELLS;10000.0;2;S
614800;;;PEARLS;SEASHELLS;9998.0;1;S
615100;;;PEARLS;SEASHELLS;10005.0;2;B
615300;;;PEARLS;SEASHELLS;10004.0;2;B
615400;;;PEARLS;SEASHELLS;10002.0;1;S
617400;;;PEARLS;SEASHELLS;10002.0;1;S
617700;;;PEARLS;SEASHELLS;10002.0;2;S
617700;;;PEARLS;SEASHELLS;10002.0;6;S
618500;;;PEARLS;SEASHELLS;9998.0;3;B
619000;;;PEARLS;SEASHELLS;10002.0;1;S
619400;;;PEARLS;SEASHELLS;9998.0;1;S
621000;;;PEARLS;SEASHELLS;9998.0;1;B
621300;;;PEARLS;SEASHELLS;9998.0;1;S
622200;;;PEARLS;SEASHELLS;10002.0;2;M
622300;;;PEARLS;SEASHELLS;9996.0;1;S
622700;;;PEARLS;SEASHELLS;10004.0;2;B
623100;;;PEARLS;SEASHELLS;10002.0;1;M
623600;;;PEARLS;SEASHELLS;9996.0;1;S
624700;;;PEARLS;SEASHELLS;10002.0;1;S
624800;;;PEARLS;SEASHELLS;10002.0;1;S
625000;;;PEARLS;SEASHELLS;10002.0;4;S
625500;;;PEARLS;SEASHELLS;9998.0;1;B
625700;;;PEARLS;SEASHELLS;10002.0;2;B
625800;;;PEARLS;SEASHELLS;10005.0;1;B
626700;;;PEARLS;SEASHELLS;9998.0;1;S
626800;;;PEARLS;SEASHELLS;10004.0;1;B
627600;;;PEARLS;SEASHELLS;10002.0;3;S
627600;;;PEARLS;SEASHELLS;10002.0;1;S
627600;;;PEARLS;SEASHELLS;10002.0;1;S
627800;;;PEARLS;SEASHELLS;9996.0;1;S
628300;;;PEARLS;SEASHELLS;9996.0;1;S
628700;;;PEARLS;SEASHELLS;9995.0;2;S
629200;;;PEARLS;SEASHELLS;10002.0;1;S
629900;;;PEARLS;SEASHELLS;9998.0;2;S
630100;;;PEARLS;SEASHELLS;9995.0;1;S
630300;;;PEARLS;SEASHELLS;10005.0;2;B
630400;;;PEARLS;SEASHELLS;9998.0;1;S
632100;;;PEARLS;SEASHELLS;10004.0;2;B
632800;;;PEARLS;SEASHELLS;10002.0;1;S
633100;;;PEARLS;SEASHELLS;9998.0;1;B
633700;;;PEARLS;SEASHELLS;10004.0;1;B
634000;;;PEARLS;SEASHELLS;10002.0;1;S
634100;;;PEARLS;SEASHELLS;10002.0;1;S
634400;;;PEARLS;SEASHELLS;10004.0;1;B
636000;;;PEARLS;SEASHELLS;10002.0;1;B
637500;;;PEARLS;SEASHELLS;9996.0;1;S
637900;;;PEARLS;SEASHELLS;10004.0;1;B
637900;;;PEARLS;SEASHELLS;10004.0;1;B
638200;;;PEARLS;SEASHELLS;9998.0;2;S
639900;;;PEARLS;SEASHELLS;9998.0;1;S
640400;;;PEARLS;SEASHELLS;9998.0;4;S
641100;;;PEARLS;SEASHELLS;9998.0;1;B
641700;;;PEARLS;SEASHELLS;10002.0;7;S
641700;;;PEARLS;SEASHELLS;9998.0;1;S
641800;;;PEARLS;SEASHELLS;10005.0;7;B
642000;;;PEARLS;SEASHELLS;10002.0;1;S
642700;;;PEARLS;SEASHELLS;10005.0;2;B
642700;;;PEARLS;SEASHELLS;10004.0;2;B
642700;;;PEARLS;SEASHELLS;10004.0;2;B
643400;;;PEARLS;SEASHELLS;10002.0;4;S
643400;;;PEARLS;SEASHELLS;10002.0;1;S
643600;;;PEARLS;SEASHELLS;9996.0;1;S
644100;;;PEARLS;SEASHELLS;10005.0;7;B
644500;;;PEARLS;SEASHELLS;9998.0;1;S
644600;;;PEARLS;SEASHELLS;9996.0;1;S
644800;;;PEARLS;SEASHELLS;10002.0;1;S
645400;;;PEARLS;SEASHELLS;9996.0;3;S
645400;;;PEARLS;SEASHELLS;9996.0;1;S
646800;;;PEARLS;SEASHELLS;9998.0;1;S
646900;;;PEARLS;SEASHELLS;9998.0;1;B
647300;;;PEARLS;SEASHELLS;10002.0;2;B
647300;;;PEARLS;SEASHELLS;10002.0;2;B
647400;;;PEARLS;SEASHELLS;10002.0;1;S
648300;;;PEARLS;SEASHELLS;9998.0;1;S
648600;;;PEARLS;SEASHELLS;9998.0;1;B
650000;;;PEARLS;SEASHELLS;9998.0;1;B
650300;;;PEARLS;SEASHELLS;10004.0;1;B
650400;;;PEARLS;SEASHELLS;9998.0;6;S
651000;;;PEARLS;SEASHELLS;10005.0;2;B
651200;;;PEARLS;SEASHELLS;10002.0;1;S
651300;;;PEARLS;SEASHELLS;10002.0;1;B
651500;;;PEARLS;SEASHELLS;9998.0;5;B
652000;;;PEARLS;SEASHELLS;9998.0;1;B
652500;;;PEARLS;SEASHELLS;9998.0;1;B
652800;;;PEARLS;SEASHELLS;10002.0;1;S
653000;;;PEARLS;SEASHELLS;10002.0;3;S
654400;;;PEARLS;SEASHELLS;10004.0;2;B
655900;;;PEARLS;SEASHELLS;9996.0;2;S
656000;;;PEARLS;SEASHELLS;9996.0;1;S
656200;;;PEARLS;SEASHELLS;10004.0;10;B
656200;;;PEARLS;SEASHELLS;10004.0;2;B
656300;;;PEARLS;SEASHELLS;10002.0;1;S
656400;;;PEARLS;SEASHELLS;9998.0;1;B
657400;;;PEARLS;SEASHELLS;10002.0;1;B
658000;;;PEARLS;SEASHELLS;9996.0;2;S
658000;;;PEARLS;SEASHELLS;9996.0;2;S
658300;;;PEARLS;SEASHELLS;10004.0;1;B
658300;;;PEARLS;SEASHELLS;10004.0;2;B
659300;;;PEARLS;SEASHELLS;9998.0;6;S
659300;;;PEARLS;SEASHELLS;9998.0;5;S
659500;;;PEARLS;SEASHELLS;10005.0;1;B
660200;;;PEARLS;SEASHELLS;10002.0;4;B
660500;;;PEARLS;SEASHELLS;10002.0;1;B
661100;;;PEARLS;SEASHELLS;9995.0;2;S
661400;;;PEARLS;SEASHELLS;10002.0;1;S
661800;;;PEARLS;SEASHELLS;10002.0;1;S
662600;;;PEARLS;SEASHELLS;10005.0;2;B
662700;;;PEARLS;SEASHELLS;9996.0;2;S
662900;;;PEARLS;SEASHELLS;9998.0;1;B
663000;;;PEARLS;SEASHELLS;10005.0;2;B
663200;;;PEARLS;SEASHELLS;10002.0;1;S
663600;;;PEARLS;SEASHELLS;9998.0;1;M
664700;;;PEARLS;SEASHELLS;10005.0;2;B
664900;;;PEARLS;SEASHELLS;9995.0;2;S
665000;;;PEARLS;SEASHELLS;10002.0;2;B
665300;;;PEARLS;SEASHELLS;9998.0;5;B
665400;;;PEARLS;SEASHELLS;9995.0;2;S
665500;;;PEARLS;SEASHELLS;10002.0;1;B
665700;;;PEARLS;SEASHELLS;10005.0;2;B
666400;;;PEARLS;SEASHELLS;9996.0;1;S
666600;;;PEARLS;SEASHELLS;10002.0;1;S
666800;;;PEARLS;SEASHELLS;9995.0;7;S
666900;;;PEARLS;SEASHELLS;9996.0;1;S
667800;;;PEARLS;SEASHELLS;10002.0;5;M
667900;;;PEARLS;SEASHELLS;9998.0;4;B
668000;;;PEARLS;SEASHELLS;10004.0;1;B
668300;;;PEARLS;SEASHELLS;10004.0;2;B
668400;;;PEARLS;SEASHELLS;10002.0;4;S
668700;;;PEARLS;SEASHELLS;10002.0;1;S
669600;;;PEARLS;SEASHELLS;10004.0;1;B
669800;;;PEARLS;SEASHELLS;9998.0;2;B
670800;;;PEARLS;SEASHELLS;10002.0;1;B
671600;;;PEARLS;SEASHELLS;10002.0;1;S
672200;;;PEARLS;SEASHELLS;9998.0;1;S
672400;;;PEARLS;SEASHELLS;9998.0;3;S
673700;;;PEARLS;SEASHELLS;9995.0;2;S
674600;;;PEARLS;SEASHELLS;10004.0;2;B
674800;;;PEARLS;SEASHELLS;9998.0;4;B
674800;;;PEARLS;SEASHELLS;9998.0;4;B
675900;;;PEARLS;SEASHELLS;10004.0;2;B
676100;;;PEARLS;SEASHELLS;9998.0;1;S
676200;;;PEARLS;SEASHELLS;10002.0;1;B
676500;;;PEARLS;SEASHELLS;10002.0;1;S
676500;;;PEARLS;SEASHELLS;10002.0;3;S
676800;;;PEARLS;SEASHELLS;9995.0;3;S
676900;;;PEARLS;SEASHELLS;10002.0;1;B
677100;;;PEARLS;SEASHELLS;9995.0;7;S
677300;;;PEARLS;SEASHELLS;10002.0;3;S
677900;;;PEARLS;SEASHELLS;9998.0;1;B
678000;;;PEARLS;SEASHELLS;10004.0;1;B
678300;;;PEARLS;SEASHELLS;10002.0;2;S
678400;;;PEARLS;SEASHELLS;9998.0;1;B
678800;;;PEARLS;SEASHELLS;10002.0;3;M
679000;;;PEARLS;SEASHELLS;10004.0;1;B
679200;;;PEARLS;SEASHELLS;9998.0;3;B
679200;;;PEARLS;SEASHELLS;9998.0;4;B
679300;;;PEARLS;SEASHELLS;9996.0;1;S
679300;;;PEARLS;SEASHELLS;9996.0;1;S
679500;;;PEARLS;SEASHELLS;10002.0;3;B
680400;;;PEARLS;SEASHELLS;9998.0;1;B
680500;;;PEARLS;SEASHELLS;10005.0;1;B
681600;;;PEARLS;SEASHELLS;9996.0;1;S
681600;;;PEARLS;SEASHELLS;9996.0;1;S
681700;;;PEARLS;SEASHELLS;10002.0;1;S
682900;;;PEARLS;SEASHELLS;10004.0;1;B
682900;;;PEARLS;SEASHELLS;10004.0;7;B
683000;;;PEARLS;SEASHELLS;9998.0;1;M
683100;;;PEARLS;SEASHELLS;9998.0;1;B
683300;;;PEARLS;SEASHELLS;9998.0;1;B
683500;;;PEARLS;SEASHELLS;10002.0;1;S
685600;;;PEARLS;SEASHELLS;9998.0;1;B
686500;;;PEARLS;SEASHELLS;10002.0;4;S
687100;;;PEARLS;SEASHELLS;10002.0;1;S
687100;;;PEARLS;SEASHELLS;10002.0;9;S
687300;;;PEARLS;SEASHELLS;9998.0;1;B
687400;;;PEARLS;SEASHELLS;9996.0;1;S
687400;;;PEARLS;SEASHELLS;9996.0;1;S
688200;;;PEARLS;SEASHELLS;10002.0;1;M
688300;;;PEARLS;SEASHELLS;9996.0;2;S
689200;;;PEARLS;SEASHELLS;9998.0;1;B
690200;;;PEARLS;SEASHELLS;10002.0;1;S
690300;;;PEARLS;SEASHELLS;9996.0;4;S
690300;;;PEARLS;SEASHELLS;9996.0;2;S
690800;;;PEARLS;SEASHELLS;9996.0;2;S
690800;;;PEARLS;SEASHELLS;9996.0;2;S
691100;;;PEARLS;SEASHELLS;9998.0;1;B
691900;;;PEARLS;SEASHELLS;10005.0;2;B
692500;;;PEARLS;SEASHELLS;9998.0;1;S
692800;;;PEARLS;SEASHELLS;9996.0;1;S
692800;;;PEARLS;SEASHELLS;9996.0;7;S
693200;;;PEARLS;SEASHELLS;9998.0;1;S
694500;;;PEARLS;SEASHELLS;9998.0;1;S
694800;;;PEARLS;SEASHELLS;10005.0;1;B
696000;;;PEARLS;SEASHELLS;9996.0;2;S
696100;;;PEARLS;SEASHELLS;9998.0;1;S
696800;;;PEARLS;SEASHELLS;10004.0;2;B
697300;;;PEARLS;SEASHELLS;10002.0;5;S
697600;;;PEARLS;SEASHELLS;9996.0;1;S
699100;;;PEARLS;SEASHELLS;9996.0;1;S
699400;;;PEARLS;SEASHELLS;9998.0;8;S
699500;;;PEARLS;SEASHELLS;9998.0;1;B
699700;;;PEARLS;SEASHELLS;10004.0;2;B
699700;;;PEARLS;SEASHELLS;10004.0;1;B
700100;;;PEARLS;SEASHELLS;10002.0;6;S
700300;;;PEARLS;SEASHELLS;10005.0;6;B
700400;;;PEARLS;SEASHELLS;10002.0;2;S
700600;;;PEARLS;SEASHELLS;9995.0;1;S
700700;;;PEARLS;SEASHELLS;9998.0;1;S
700900;;;PEARLS;SEASHELLS;10004.0;1;B
701200;;;PEARLS;SEASHELLS;10002.0;1;S
701300;;;PEARLS;SEASHELLS;10004.0;1;B
701400;;;PEARLS;SEASHELLS;10004.0;1;B
703100;;;PEARLS;SEASHELLS;9996.0;2;S
703600;;;PEARLS;SEASHELLS;9996.0;2;S
703700;;;PEARLS;SEASHELLS;10004.0;2;B
703900;;;PEARLS;SEASHELLS;9996.0;1;S
703900;;;PEARLS;SEASHELLS;9996.0;7;S
705100;;;PEARLS;SEASHELLS;10004.0;1;B
705100;;;PEARLS;SEASHELLS;10004.0;1;B
705200;;;PEARLS;SEASHELLS;9998.0;3;B
705500;;;PEARLS;SEASHELLS;9995.0;1;S
705700;;;PEARLS;SEASHELLS;9998.0;4;B
705700;;;PEARLS;SEASHELLS;9998.0;1;B
705800;;;PEARLS;SEASHELLS;10004.0;1;B
707000;;;PEARLS;SEASHELLS;10004.0;1;B
707400;;;PEARLS;SEASHELLS;9998.0;1;S
707600;;;PEARLS;SEASHELLS;9998.0;1;B
707600;;;PEARLS;SEASHELLS;9998.0;1;B
707800;;;PEARLS;SEASHELLS;10002.0;4;S
707900;;;PEARLS;SEASHELLS;10004.0;1;B
708200;;;PEARLS;SEASHELLS;9996.0;1;S
708700;;;PEARLS;SEASHELLS;10002.0;4;S
709200;;;PEARLS;SEASHELLS;9998.0;1;S
709400;;;PEARLS;SEASHELLS;10004.0;1;B
709500;;;PEARLS;SEASHELLS;10005.0;1;B
709600;;;PEARLS;SEASHELLS;9998.0;1;B
709800;;;PEARLS;SEASHELLS;9998.0;1;S
709900;;;PEARLS;SEASHELLS;9998.0;1;B
710500;;;PEARLS;SEASHELLS;9996.0;1;S
711100;;;PEARLS;SEASHELLS;10002.0;1;S
711300;;;PEARLS;SEASHELLS;10002.0;1;S
711500;;;PEARLS;SEASHELLS;10004.0;1;B
711600;;;PEARLS;SEASHELLS;9995.0;2;S
711600;;;PEARLS;SEASHELLS;9998.0;1;B
712100;;;PEARLS;SEASHELLS;10004.0;2;B
712400;;;PEARLS;SEASHELLS;10002.0;2;B
712700;;;PEARLS;SEASHELLS;9998.0;1;B
713100;;;PEARLS;SEASHELLS;10002.0;1;B
713200;;;PEARLS;SEASHELLS;9996.0;2;S
713400;;;PEARLS;SEASHELLS;10002.0;1;S
714100;;;PEARLS;SEASHELLS;10002.0;2;S
714200;;;PEARLS;SEASHELLS;10005.0;9;B
715500;;;PEARLS;SEASHELLS;9996.0;2;S
715900;;;PEARLS;SEASHELLS;9998.0;1;B
716600;;;PEARLS;SEASHELLS;10005.0;12;B
717000;;;PEARLS;SEASHELLS;9996.0;1;S
717300;;;PEARLS;SEASHELLS;10002.0;1;S
718200;;;PEARLS;SEASHELLS;9998.0;1;B
718700;;;PEARLS;SEASHELLS;10005.0;2;B
718900;;;PEARLS;SEASHELLS;10002.0;1;S
719200;;;PEARLS;SEASHELLS;10002.0;1;S
719300;;;PEARLS;SEASHELLS;10002.0;1;S
720000;;;PEARLS;SEASHELLS;9998.0;1;M
720400;;;PEARLS;SEASHELLS;10004.0;1;B
720900;;;PEARLS;SEASHELLS;9998.0;1;S
721100;;;PEARLS;SEASHELLS;10002.0;1;S
721600;;;PEARLS;SEASHELLS;10004.0;1;B
722000;;;PEARLS;SEASHELLS;10002.0;5;S
722600;;;PEARLS;SEASHELLS;9998.0;2;B
722900;;;PEARLS;SEASHELLS;9996.0;2;S
723000;;;PEARLS;SEASHELLS;9995.0;2;S
723100;;;PEARLS;SEASHELLS;9996.0;2;S
723300;;;PEARLS;SEASHELLS;9995.0;2;S
723400;;;PEARLS;SEASHELLS;10005.0;1;B
723500;;;PEARLS;SEASHELLS;10002.0;1;S
723800;;;PEARLS;SEASHELLS;9995.0;1;S
724000;;;PEARLS;SEASHELLS;9998.0;1;B
724100;;;PEARLS;SEASHELLS;10005.0;2;B
724600;;;PEARLS;SEASHELLS;9996.0;1;S
724900;;;PEARLS;SEASHELLS;9996.0;1;S
727000;;;PEARLS;SEASHELLS;10002.0;4;S
727700;;;PEARLS;SEASHELLS;9998.0;1;S
727800;;;PEARLS;SEASHELLS;9998.0;1;B
728600;;;PEARLS;SEASHELLS;9996.0;1;S
729300;;;PEARLS;SEASHELLS;9998.0;3;S
729800;;;PEARLS;SEASHELLS;10002.0;1;S
730200;;;PEARLS;SEASHELLS;9998.0;1;S
730400;;;PEARLS;SEASHELLS;9998.0;1;B
730500;;;PEARLS;SEASHELLS;9996.0;2;S
730500;;;PEARLS;SEASHELLS;9996.0;2;S
730700;;;PEARLS;SEASHELLS;9998.0;2;S
730700;;;PEARLS;SEASHELLS;10004.0;1;B
730900;;;PEARLS;SEASHELLS;10002.0;1;B
731200;;;PEARLS;SEASHELLS;10002.0;2;B
732600;;;PEARLS;SEASHELLS;9996.0;2;S
732800;;;PEARLS;SEASHELLS;9998.0;1;B
733000;;;PEARLS;SEASHELLS;9998.0;1;M
733200;;;PEARLS;SEASHELLS;10004.0;1;B
733500;;;PEARLS;SEASHELLS;9998.0;3;B
734300;;;PEARLS;SEASHELLS;9998.0;1;B
734700;;;PEARLS;SEASHELLS;9996.0;2;S
734700;;;PEARLS;SEASHELLS;9996.0;8;S
734700;;;PEARLS;SEASHELLS;10002.0;1;B
734700;;;PEARLS;SEASHELLS;10002.0;4;B
734800;;;PEARLS;SEASHELLS;9998.0;2;B
734800;;;PEARLS;SEASHELLS;9998.0;2;B
734900;;;PEARLS;SEASHELLS;10002.0;1;M
735600;;;PEARLS;SEASHELLS;9998.0;1;S
735800;;;PEARLS;SEASHELLS;10002.0;3;S
736000;;;PEARLS;SEASHELLS;9998.0;1;B
736500;;;PEARLS;SEASHELLS;10004.0;1;B
736500;;;PEARLS;SEASHELLS;10004.0;3;B
736500;;;PEARLS;SEASHELLS;10005.0;2;B
738700;;;PEARLS;SEASHELLS;10004.0;1;B
738800;;;PEARLS;SEASHELLS;9995.0;2;S
738900;;;PEARLS;SEASHELLS;9996.0;1;S
739200;;;PEARLS;SEASHELLS;10002.0;6;B
739400;;;PEARLS;SEASHELLS;9998.0;1;S
740200;;;PEARLS;SEASHELLS;9998.0;1;B
741300;;;PEARLS;SEASHELLS;9998.0;1;B
741500;;;PEARLS;SEASHELLS;10002.0;5;B
741900;;;PEARLS;SEASHELLS;9998.0;1;S
742400;;;PEARLS;SEASHELLS;9998.0;1;B
743100;;;PEARLS;SEASHELLS;10004.0;2;B
743300;;;PEARLS;SEASHELLS;9998.0;1;S
743500;;;PEARLS;SEASHELLS;9996.0;2;S
743500;;;PEARLS;SEASHELLS;9996.0;4;S
744500;;;PEARLS;SEASHELLS;10004.0;1;B
744900;;;PEARLS;SEASHELLS;9998.0;1;S
745200;;;PEARLS;SEASHELLS;9996.0;1;S
745700;;;PEARLS;SEASHELLS;9996.0;1;S
745700;;;PEARLS;SEASHELLS;9996.0;6;S
745900;;;PEARLS;SEASHELLS;9996.0;1;S
745900;;;PEARLS;SEASHELLS;9996.0;7;S
746300;;;PEARLS;SEASHELLS;10002.0;3;S
746300;;;PEARLS;SEASHELLS;10002.0;1;S
747600;;;PEARLS;SEASHELLS;10002.0;1;B
747600;;;PEARLS;SEASHELLS;9998.0;5;B
747600;;;PEARLS;SEASHELLS;9998.0;6;B
748100;;;PEARLS;SEASHELLS;10005.0;2;B
748500;;;PEARLS;SEASHELLS;9998.0;2;S
749100;;;PEARLS;SEASHELLS;10002.0;4;S
750100;;;PEARLS;SEASHELLS;10002.0;1;S
750200;;;PEARLS;SEASHELLS;10004.0;2;B
750300;;;PEARLS;SEASHELLS;10002.0;1;S
750600;;;PEARLS;SEASHELLS;10002.0;1;S
751200;;;PEARLS;SEASHELLS;9998.0;1;S
751300;;;PEARLS;SEASHELLS;9996.0;1;S
751900;;;PEARLS;SEASHELLS;10002.0;1;B
752200;;;PEARLS;SEASHELLS;10005.0;1;B
752400;;;PEARLS;SEASHELLS;10002.0;1;S
753700;;;PEARLS;SEASHELLS;9995.0;1;S
753700;;;PEARLS;SEASHELLS;10005.0;5;B
753800;;;PEARLS;SEASHELLS;10002.0;4;S
753900;;;PEARLS;SEASHELLS;9998.0;1;B
754000;;;PEARLS;SEASHELLS;10004.0;2;B
754600;;;PEARLS;SEASHELLS;9998.0;3;B
754800;;;PEARLS;SEASHELLS;9996.0;7;S
754800;;;PEARLS;SEASHELLS;9996.0;1;S
755500;;;PEARLS;SEASHELLS;10004.0;1;B
755600;;;PEARLS;SEASHELLS;9998.0;1;S
756200;;;PEARLS;SEASHELLS;10002.0;1;S
756500;;;PEARLS;SEASHELLS;9998.0;3;B
756800;;;PEARLS;SEASHELLS;9998.0;1;B
757000;;;PEARLS;SEASHELLS;9996.0;2;S
758300;;;PEARLS;SEASHELLS;9996.0;2;S
759100;;;PEARLS;SEASHELLS;9998.0;1;B
759200;;;PEARLS;SEASHELLS;10004.0;1;B
759700;;;PEARLS;SEASHELLS;9998.0;1;S
760200;;;PEARLS;SEASHELLS;9996.0;1;S
760200;;;PEARLS;SEASHELLS;9996.0;9;S
760700;;;PEARLS;SEASHELLS;9996.0;1;S
760900;;;PEARLS;SEASHELLS;9998.0;1;B
762200;;;PEARLS;SEASHELLS;9996.0;1;S
762600;;;PEARLS;SEASHELLS;10005.0;2;B
762700;;;PEARLS;SEASHELLS;10002.0;3;B
763000;;;PEARLS;SEASHELLS;9998.0;1;B
763400;;;PEARLS;SEASHELLS;10004.0;2;B
763600;;;PEARLS;SEASHELLS;9998.0;3;B
763700;;;PEARLS;SEASHELLS;9996.0;7;S
763700;;;PEARLS;SEASHELLS;9996.0;1;S
763900;;;PEARLS;SEASHELLS;9998.0;1;B
764800;;;PEARLS;SEASHELLS;10002.0;4;S
765200;;;PEARLS;SEASHELLS;9998.0;5;B
766100;;;PEARLS;SEASHELLS;9998.0;1;B
766500;;;PEARLS;SEASHELLS;10002.0;1;S
767700;;;PEARLS;SEASHELLS;10002.0;1;S
768400;;;PEARLS;SEASHELLS;10002.0;2;S
769300;;;PEARLS;SEASHELLS;9998.0;1;B
769800;;;PEARLS;SEASHELLS;10002.0;1;S
770000;;;PEARLS;SEASHELLS;9995.0;9;S
770100;;;PEARLS;SEASHELLS;9998.0;4;B
772000;;;PEARLS;SEASHELLS;9998.0;2;B
772800;;;PEARLS;SEASHELLS;9998.0;1;S
773800;;;PEARLS;SEASHELLS;9998.0;1;B
774000;;;PEARLS;SEASHELLS;9998.0;1;B
775000;;;PEARLS;SEASHELLS;10002.0;1;S
775500;;;PEARLS;SEASHELLS;9998.0;1;S
775900;;;PEARLS;SEASHELLS;9996.0;1;S
776100;;;PEARLS;SEASHELLS;10004.0;1;B
776300;;;PEARLS;SEASHELLS;10004.0;1;B
776400;;;PEARLS;SEASHELLS;9998.0;1;S
777000;;;PEARLS;SEASHELLS;9998.0;1;B
777200;;;PEARLS;SEASHELLS;9998.0;1;S
777300;;;PEARLS;SEASHELLS;9998.0;1;B
778200;;;PEARLS;SEASHELLS;10004.0;2;B
778300;;;PEARLS;SEASHELLS;9998.0;1;B
778500;;;PEARLS;SEASHELLS;9998.0;1;S
778800;;;PEARLS;SEASHELLS;10002.0;1;S
778900;;;PEARLS;SEASHELLS;9998.0;1;B
779000;;;PEARLS;SEASHELLS;10004.0;9;B
779000;;;PEARLS;SEASHELLS;10004.0;1;B
779100;;;PEARLS;SEASHELLS;9998.0;1;S
779700;;;PEARLS;SEASHELLS;9998.0;1;B
779900;;;PEARLS;SEASHELLS;10005.0;1;B
779900;;;PEARLS;SEASHELLS;10004.0;2;B
780100;;;PEARLS;SEASHELLS;10002.0;1;S
781000;;;PEARLS;SEASHELLS;9996.0;1;S
781000;;;PEARLS;SEASHELLS;9996.0;1;S
781100;;;PEARLS;SEASHELLS;10004.0;1;B
781100;;;PEARLS;SEASHELLS;10004.0;1;B
781300;;;PEARLS;SEASHELLS;10002.0;1;S
782200;;;PEARLS;SEASHELLS;9996.0;1;S
782700;;;PEARLS;SEASHELLS;10004.0;1;B
783100;;;PEARLS;SEASHELLS;10002.0;1;M
783500;;;PEARLS;SEASHELLS;9998.0;1;B
784300;;;PEARLS;SEASHELLS;10002.0;1;S
784700;;;PEARLS;SEASHELLS;10002.0;2;S
785300;;;PEARLS;SEASHELLS;9998.0;1;B
785400;;;PEARLS;SEASHELLS;9998.0;4;M
785700;;;PEARLS;SEASHELLS;10005.0;1;B
787000;;;PEARLS;SEASHELLS;9998.0;6;B
787700;;;PEARLS;SEASHELLS;10002.0;1;S
787900;;;PEARLS;SEASHELLS;10002.0;1;S
788300;;;PEARLS;SEASHELLS;10004.0;1;B
788800;;;PEARLS;SEASHELLS;9998.0;1;S
788900;;;PEARLS;SEASHELLS;10004.0;1;B
789500;;;PEARLS;SEASHELLS;9996.0;2;S
789600;;;PEARLS;SEASHELLS;10004.0;2;B
790200;;;PEARLS;SEASHELLS;10002.0;4;S
790500;;;PEARLS;SEASHELLS;10002.0;3;B
791300;;;PEARLS;SEASHELLS;9998.0;1;S
791700;;;PEARLS;SEASHELLS;9995.0;3;S
792100;;;PEARLS;SEASHELLS;10002.0;2;B
792200;;;PEARLS;SEASHELLS;10002.0;1;S
792500;;;PEARLS;SEASHELLS;10002.0;1;S
793300;;;PEARLS;SEASHELLS;9998.0;1;B
793500;;;PEARLS;SEASHELLS;9996.0;1;S
793800;;;PEARLS;SEASHELLS;9998.0;8;B
793800;;;PEARLS;SEASHELLS;9998.0;4;B
794800;;;PEARLS;SEASHELLS;9998.0;1;S
795400;;;PEARLS;SEASHELLS;9998.0;2;B
795400;;;PEARLS;SEASHELLS;9998.0;4;B
796300;;;PEARLS;SEASHELLS;9996.0;2;S
796500;;;PEARLS;SEASHELLS;9998.0;1;B
797100;;;PEARLS;SEASHELLS;9998.0;1;B
797100;;;PEARLS;SEASHELLS;9998.0;1;B
797300;;;PEARLS;SEASHELLS;10002.0;1;S
797900;;;PEARLS;SEASHELLS;10004.0;1;B
797900;;;PEARLS;SEASHELLS;10004.0;1;B
798000;;;PEARLS;SEASHELLS;9998.0;1;B
798100;;;PEARLS;SEASHELLS;10005.0;1;B
798900;;;PEARLS;SEASHELLS;9998.0;2;S
799300;;;PEARLS;SEASHELLS;10004.0;2;B
799500;;;PEARLS;SEASHELLS;10000.0;6;B
799800;;;PEARLS;SEASHELLS;10004.0;2;B
800000;;;PEARLS;SEASHELLS;9998.0;1;S
801000;;;PEARLS;SEASHELLS;10005.0;10;B
801100;;;PEARLS;SEASHELLS;10005.0;1;B
801500;;;PEARLS;SEASHELLS;9998.0;1;B
802200;;;PEARLS;SEASHELLS;9998.0;1;B
803200;;;PEARLS;SEASHELLS;10004.0;2;B
803700;;;PEARLS;SEASHELLS;9998.0;1;B
803900;;;PEARLS;SEASHELLS;9998.0;4;B
804200;;;PEARLS;SEASHELLS;9998.0;1;B
804600;;;PEARLS;SEASHELLS;10004.0;8;B
804600;;;PEARLS;SEASHELLS;10004.0;1;B
804700;;;PEARLS;SEASHELLS;9996.0;1;S
804800;;;PEARLS;SEASHELLS;10005.0;1;B
805000;;;PEARLS;SEASHELLS;10004.0;1;B
805300;;;PEARLS;SEASHELLS;10002.0;5;B
805800;;;PEARLS;SEASHELLS;9998.0;4;S
806500;;;PEARLS;SEASHELLS;10004.0;1;B
806600;;;PEARLS;SEASHELLS;9998.0;2;B
807200;;;PEARLS;SEASHELLS;9996.0;2;S
808500;;;PEARLS;SEASHELLS;9998.0;4;S
809100;;;PEARLS;SEASHELLS;10005.0;1;B
810000;;;PEARLS;SEASHELLS;9998.0;1;B
810500;;;PEARLS;SEASHELLS;10005.0;4;B
810600;;;PEARLS;SEASHELLS;9995.0;1;S
810800;;;PEARLS;SEASHELLS;10002.0;1;S
811200;;;PEARLS;SEASHELLS;9996.0;1;S
811200;;;PEARLS;SEASHELLS;10002.0;5;B
811200;;;PEARLS;SEASHELLS;9996.0;1;S
811500;;;PEARLS;SEASHELLS;10004.0;1;B
811900;;;PEARLS;SEASHELLS;10004.0;10;B
811900;;;PEARLS;SEASHELLS;10004.0;2;B
812500;;;PEARLS;SEASHELLS;10004.0;1;B
812700;;;PEARLS;SEASHELLS;9998.0;2;S
812700;;;PEARLS;SEASHELLS;9998.0;1;S
812900;;;PEARLS;SEASHELLS;10002.0;1;S
814200;;;PEARLS;SEASHELLS;9995.0;2;S
814800;;;PEARLS;SEASHELLS;10002.0;1;S
814800;;;PEARLS;SEASHELLS;10002.0;4;S
815100;;;PEARLS;SEASHELLS;10005.0;2;B
815400;;;PEARLS;SEASHELLS;10002.0;1;S
815400;;;PEARLS;SEASHELLS;10004.0;4;B
815400;;;PEARLS;SEASHELLS;10004.0;2;B
815500;;;PEARLS;SEASHELLS;10002.0;4;S
816100;;;PEARLS;SEASHELLS;10002.0;1;S
816800;;;PEARLS;SEASHELLS;9998.0;2;S
819600;;;PEARLS;SEASHELLS;9998.0;1;S
819900;;;PEARLS;SEASHELLS;10002.0;1;M
820500;;;PEARLS;SEASHELLS;10004.0;2;B
820800;;;PEARLS;SEASHELLS;10004.0;1;B
820800;;;PEARLS;SEASHELLS;10004.0;1;B
821400;;;PEARLS;SEASHELLS;9998.0;1;B
821800;;;PEARLS;SEASHELLS;9998.0;1;B
822300;;;PEARLS;SEASHELLS;9998.0;1;B
822500;;;PEARLS;SEASHELLS;10002.0;2;B
823200;;;PEARLS;SEASHELLS;10005.0;2;B
824200;;;PEARLS;SEASHELLS;9995.0;11;S
824300;;;PEARLS;SEASHELLS;9995.0;2;S
824300;;;PEARLS;SEASHELLS;9998.0;1;B
824800;;;PEARLS;SEASHELLS;10004.0;2;B
828900;;;PEARLS;SEASHELLS;10004.0;1;B
829000;;;PEARLS;SEASHELLS;10004.0;2;B
829300;;;PEARLS;SEASHELLS;9996.0;1;S
830700;;;PEARLS;SEASHELLS;9998.0;1;B
830800;;;PEARLS;SEASHELLS;10002.0;3;B
831200;;;PEARLS;SEASHELLS;10002.0;1;S
832200;;;PEARLS;SEASHELLS;10002.0;1;S
832200;;;PEARLS;SEASHELLS;10002.0;5;S
832700;;;PEARLS;SEASHELLS;9996.0;1;S
833300;;;PEARLS;SEASHELLS;10002.0;1;S
833400;;;PEARLS;SEASHELLS;9998.0;1;S
833700;;;PEARLS;SEASHELLS;9996.0;2;S
834600;;;PEARLS;SEASHELLS;9995.0;10;S
834700;;;PEARLS;SEASHELLS;9998.0;1;B
835200;;;PEARLS;SEASHELLS;9998.0;1;B
835200;;;PEARLS;SEASHELLS;9998.0;2;B
835800;;;PEARLS;SEASHELLS;9998.0;1;S
836500;;;PEARLS;SEASHELLS;9998.0;1;B
837200;;;PEARLS;SEASHELLS;10002.0;1;S
838000;;;PEARLS;SEASHELLS;10002.0;1;S
838800;;;PEARLS;SEASHELLS;9998.0;1;B
839500;;;PEARLS;SEASHELLS;10004.0;1;B
840100;;;PEARLS;SEASHELLS;10002.0;1;B
840300;;;PEARLS;SEASHELLS;10002.0;1;S
841000;;;PEARLS;SEASHELLS;9998.0;1;B
841700;;;PEARLS;SEASHELLS;10002.0;1;S
841800;;;PEARLS;SEASHELLS;9995.0;2;S
841900;;;PEARLS;SEASHELLS;10005.0;1;B
842000;;;PEARLS;SEASHELLS;9998.0;1;B
842300;;;PEARLS;SEASHELLS;9995.0;2;S
842400;;;PEARLS;SEASHELLS;10004.0;1;B
842600;;;PEARLS;SEASHELLS;10002.0;2;B
842800;;;PEARLS;SEASHELLS;10004.0;2;B
843100;;;PEARLS;SEASHELLS;9998.0;3;S
843200;;;PEARLS;SEASHELLS;9995.0;2;S
843700;;;PEARLS;SEASHELLS;9995.0;2;S
844800;;;PEARLS;SEASHELLS;10002.0;5;S
844900;;;PEARLS;SEASHELLS;9998.0;1;B
845100;;;PEARLS;SEASHELLS;10005.0;7;B
845300;;;PEARLS;SEASHELLS;10002.0;1;S
845400;;;PEARLS;SEASHELLS;10005.0;2;B
846600;;;PEARLS;SEASHELLS;10002.0;3;B
846600;;;PEARLS;SEASHELLS;10002.0;1;B
846700;;;PEARLS;SEASHELLS;10004.0;6;B
846700;;;PEARLS;SEASHELLS;10004.0;2;B
846800;;;PEARLS;SEASHELLS;10002.0;5;S
847200;;;PEARLS;SEASHELLS;10000.0;2;B
847300;;;PEARLS;SEASHELLS;10004.0;2;B
847300;;;PEARLS;SEASHELLS;10004.0;2;B
847600;;;PEARLS;SEASHELLS;9998.0;7;B
847600;;;PEARLS;SEASHELLS;9996.0;1;S
847900;;;PEARLS;SEASHELLS;9998.0;1;B
848400;;;PEARLS;SEASHELLS;9998.0;1;S
848800;;;PEARLS;SEASHELLS;10002.0;1;S
848900;;;PEARLS;SEASHELLS;9998.0;6;B
849300;;;PEARLS;SEASHELLS;10002.0;1;S
849800;;;PEARLS;SEASHELLS;10002.0;4;S
850000;;;PEARLS;SEASHELLS;10005.0;1;B
850600;;;PEARLS;SEASHELLS;9998.0;1;S
851600;;;PEARLS;SEASHELLS;10004.0;2;B
851800;;;PEARLS;SEASHELLS;10005.0;2;B
851900;;;PEARLS;SEASHELLS;10005.0;2;B
852100;;;PEARLS;SEASHELLS;9996.0;2;S
852300;;;PEARLS;SEASHELLS;9996.0;2;S
852300;;;PEARLS;SEASHELLS;9996.0;6;S
852400;;;PEARLS;SEASHELLS;9998.0;2;B
852900;;;PEARLS;SEASHELLS;10002.0;1;B
854200;;;PEARLS;SEASHELLS;9998.0;1;B
854200;;;PEARLS;SEASHELLS;9995.0;10;S
854200;;;PEARLS;SEASHELLS;9998.0;4;B
854300;;;PEARLS;SEASHELLS;10005.0;1;B
855200;;;PEARLS;SEASHELLS;10002.0;2;B
856700;;;PEARLS;SEASHELLS;10002.0;1;S
856700;;;PEARLS;SEASHELLS;10002.0;1;S
856800;;;PEARLS;SEASHELLS;10005.0;11;B
857200;;;PEARLS;SEASHELLS;9996.0;1;S
857200;;;PEARLS;SEASHELLS;9996.0;1;S
857800;;;PEARLS;SEASHELLS;9996.0;11;S
857800;;;PEARLS;SEASHELLS;9996.0;1;S
858300;;;PEARLS;SEASHELLS;9998.0;3;B
858300;;;PEARLS;SEASHELLS;9998.0;1;B
858400;;;PEARLS;SEASHELLS;10002.0;1;S
858800;;;PEARLS;SEASHELLS;9995.0;1;S
859500;;;PEARLS;SEASHELLS;10002.0;6;S
859600;;;PEARLS;SEASHELLS;10004.0;2;B
860200;;;PEARLS;SEASHELLS;9998.0;3;B
860400;;;PEARLS;SEASHELLS;9998.0;1;B
860500;;;PEARLS;SEASHELLS;9998.0;1;S
860600;;;PEARLS;SEASHELLS;9996.0;1;S
860800;;;PEARLS;SEASHELLS;9998.0;6;S
860900;;;PEARLS;SEASHELLS;10002.0;1;S
861500;;;PEARLS;SEASHELLS;10004.0;1;B
861600;;;PEARLS;SEASHELLS;10002.0;1;B
861600;;;PEARLS;SEASHELLS;10002.0;3;B
861900;;;PEARLS;SEASHELLS;10005.0;12;B
861900;;;PEARLS;SEASHELLS;10002.0;1;S
862000;;;PEARLS;SEASHELLS;10004.0;2;B
863000;;;PEARLS;SEASHELLS;10002.0;1;S
863100;;;PEARLS;SEASHELLS;10002.0;1;B
863300;;;PEARLS;SEASHELLS;9998.0;1;S
863800;;;PEARLS;SEASHELLS;10004.0;1;B
865900;;;PEARLS;SEASHELLS;9998.0;1;S
866700;;;PEARLS;SEASHELLS;9998.0;1;B
866900;;;PEARLS;SEASHELLS;9998.0;1;B
867200;;;PEARLS;SEASHELLS;10002.0;1;B
867500;;;PEARLS;SEASHELLS;10002.0;1;S
867600;;;PEARLS;SEASHELLS;9998.0;7;S
867700;;;PEARLS;SEASHELLS;10002.0;1;S
868100;;;PEARLS;SEASHELLS;10002.0;1;S
869100;;;PEARLS;SEASHELLS;10002.0;1;S
869700;;;PEARLS;SEASHELLS;9998.0;1;S
870500;;;PEARLS;SEASHELLS;10002.0;1;S
870700;;;PEARLS;SEASHELLS;10002.0;5;B
870700;;;PEARLS;SEASHELLS;10002.0;3;B
870900;;;PEARLS;SEASHELLS;9996.0;1;S
871100;;;PEARLS;SEASHELLS;10002.0;3;S
871300;;;PEARLS;SEASHELLS;9995.0;4;S
871500;;;PEARLS;SEASHELLS;10005.0;6;B
871700;;;PEARLS;SEASHELLS;9998.0;1;S
871800;;;PEARLS;SEASHELLS;10002.0;1;B
872000;;;PEARLS;SEASHELLS;9995.0;2;S
872100;;;PEARLS;SEASHELLS;9996.0;1;S
872100;;;PEARLS;SEASHELLS;9996.0;1;S
872300;;;PEARLS;SEASHELLS;10002.0;1;S
873200;;;PEARLS;SEASHELLS;10002.0;1;S
873500;;;PEARLS;SEASHELLS;10002.0;1;S
873700;;;PEARLS;SEASHELLS;9998.0;1;B
874000;;;PEARLS;SEASHELLS;9998.0;3;S
875300;;;PEARLS;SEASHELLS;10002.0;1;S
875700;;;PEARLS;SEASHELLS;9998.0;1;B
875900;;;PEARLS;SEASHELLS;10002.0;5;S
876400;;;PEARLS;SEASHELLS;10002.0;1;S
877900;;;PEARLS;SEASHELLS;10002.0;1;S
878000;;;PEARLS;SEASHELLS;10002.0;3;B
879300;;;PEARLS;SEASHELLS;10002.0;1;B
880600;;;PEARLS;SEASHELLS;9996.0;1;S
880600;;;PEARLS;SEASHELLS;9998.0;1;B
880600;;;PEARLS;SEASHELLS;9996.0;1;S
880900;;;PEARLS;SEASHELLS;10002.0;6;B
882300;;;PEARLS;SEASHELLS;10002.0;1;S
883000;;;PEARLS;SEASHELLS;9998.0;1;S
883300;;;PEARLS;SEASHELLS;10002.0;1;B
883900;;;PEARLS;SEASHELLS;9996.0;1;S
884800;;;PEARLS;SEASHELLS;10002.0;1;S
885000;;;PEARLS;SEASHELLS;9998.0;3;S
885000;;;PEARLS;SEASHELLS;9998.0;5;S
885300;;;PEARLS;SEASHELLS;9998.0;1;S
886300;;;PEARLS;SEASHELLS;10004.0;1;B
886500;;;PEARLS;SEASHELLS;10002.0;3;S
886900;;;PEARLS;SEASHELLS;9996.0;1;S
888400;;;PEARLS;SEASHELLS;10004.0;2;B
888800;;;PEARLS;SEASHELLS;10005.0;1;B
889000;;;PEARLS;SEASHELLS;10002.0;1;S
889900;;;PEARLS;SEASHELLS;9996.0;1;S
890200;;;PEARLS;SEASHELLS;10002.0;6;S
890800;;;PEARLS;SEASHELLS;9998.0;1;B
891300;;;PEARLS;SEASHELLS;9998.0;2;M
891400;;;PEARLS;SEASHELLS;9998.0;3;B
891400;;;PEARLS;SEASHELLS;9998.0;1;B
891500;;;PEARLS;SEASHELLS;10000.0;2;S
891500;;;PEARLS;SEASHELLS;9998.0;1;S
891600;;;PEARLS;SEASHELLS;10002.0;1;S
892600;;;PEARLS;SEASHELLS;10004.0;2;B
893000;;;PEARLS;SEASHELLS;9995.0;7;S
893400;;;PEARLS;SEASHELLS;9998.0;1;S
895100;;;PEARLS;SEASHELLS;9998.0;1;S
895100;;;PEARLS;SEASHELLS;9998.0;9;S
895600;;;PEARLS;SEASHELLS;9998.0;4;B
895800;;;PEARLS;SEASHELLS;10002.0;1;S
897200;;;PEARLS;SEASHELLS;10002.0;1;S
898500;;;PEARLS;SEASHELLS;9996.0;11;S
898500;;;PEARLS;SEASHELLS;9996.0;1;S
899000;;;PEARLS;SEASHELLS;10002.0;1;B
899200;;;PEARLS;SEASHELLS;10002.0;5;B
900100;;;PEARLS;SEASHELLS;9996.0;1;S
901600;;;PEARLS;SEASHELLS;9998.0;1;B
901700;;;PEARLS;SEASHELLS;9996.0;1;S
901700;;;PEARLS;SEASHELLS;9996.0;5;S
901900;;;PEARLS;SEASHELLS;10002.0;1;S
902400;;;PEARLS;SEASHELLS;10004.0;1;B
902400;;;PEARLS;SEASHELLS;10002.0;1;S
902500;;;PEARLS;SEASHELLS;10002.0;1;B
903100;;;PEARLS;SEASHELLS;10002.0;4;B
903300;;;PEARLS;SEASHELLS;9995.0;1;S
903400;;;PEARLS;SEASHELLS;9998.0;1;B
903600;;;PEARLS;SEASHELLS;9998.0;1;S
904400;;;PEARLS;SEASHELLS;9998.0;1;B
904500;;;PEARLS;SEASHELLS;10004.0;2;B
904700;;;PEARLS;SEASHELLS;9998.0;1;B
904900;;;PEARLS;SEASHELLS;9995.0;4;S
905100;;;PEARLS;SEASHELLS;9995.0;1;S
905700;;;PEARLS;SEASHELLS;10004.0;6;B
905700;;;PEARLS;SEASHELLS;10004.0;1;B
905800;;;PEARLS;SEASHELLS;10004.0;2;B
906500;;;PEARLS;SEASHELLS;9998.0;1;B
907100;;;PEARLS;SEASHELLS;9998.0;2;S
907300;;;PEARLS;SEASHELLS;10004.0;1;B
907400;;;PEARLS;SEASHELLS;10004.0;1;B
908600;;;PEARLS;SEASHELLS;10002.0;2;B
909200;;;PEARLS;SEASHELLS;9995.0;3;S
909800;;;PEARLS;SEASHELLS;10002.0;1;S
910000;;;PEARLS;SEASHELLS;10002.0;1;S
911000;;;PEARLS;SEASHELLS;10004.0;2;B
911000;;;PEARLS;SEASHELLS;10004.0;6;B
911900;;;PEARLS;SEASHELLS;10004.0;1;B
912200;;;PEARLS;SEASHELLS;10004.0;1;B
912200;;;PEARLS;SEASHELLS;10004.0;7;B
913600;;;PEARLS;SEASHELLS;10002.0;2;S
914000;;;PEARLS;SEASHELLS;10005.0;12;B
914800;;;PEARLS;SEASHELLS;10002.0;4;S
915400;;;PEARLS;SEASHELLS;9996.0;1;S
915400;;;PEARLS;SEASHELLS;9996.0;1;S
916500;;;PEARLS;SEASHELLS;10000.0;1;S
917400;;;PEARLS;SEASHELLS;10002.0;1;B
917500;;;PEARLS;SEASHELLS;9998.0;1;B
917700;;;PEARLS;SEASHELLS;9998.0;6;B
918100;;;PEARLS;SEASHELLS;10002.0;2;B
918500;;;PEARLS;SEASHELLS;9998.0;2;S
918800;;;PEARLS;SEASHELLS;9996.0;2;S
918900;;;PEARLS;SEASHELLS;9998.0;1;S
919200;;;PEARLS;SEASHELLS;10004.0;1;B
919300;;;PEARLS;SEASHELLS;9998.0;1;B
919800;;;PEARLS;SEASHELLS;9998.0;1;B
920000;;;PEARLS;SEASHELLS;9995.0;1;S
920100;;;PEARLS;SEASHELLS;10002.0;4;S
920500;;;PEARLS;SEASHELLS;9998.0;1;S
920500;;;PEARLS;SEASHELLS;10005.0;6;B
920800;;;PEARLS;SEASHELLS;10005.0;1;B
922000;;;PEARLS;SEASHELLS;9998.0;1;S
922400;;;PEARLS;SEASHELLS;10004.0;1;B
922800;;;PEARLS;SEASHELLS;9996.0;1;S
922900;;;PEARLS;SEASHELLS;10004.0;1;B
923300;;;PEARLS;SEASHELLS;9996.0;1;S
923600;;;PEARLS;SEASHELLS;9996.0;2;S
923800;;;PEARLS;SEASHELLS;9996.0;1;S
924600;;;PEARLS;SEASHELLS;9998.0;1;B
924600;;;PEARLS;SEASHELLS;9998.0;1;B
924900;;;PEARLS;SEASHELLS;9996.0;1;S
925000;;;PEARLS;SEASHELLS;9996.0;2;S
925200;;;PEARLS;SEASHELLS;10004.0;2;B
926000;;;PEARLS;SEASHELLS;10002.0;9;B
926100;;;PEARLS;SEASHELLS;9998.0;1;B
926900;;;PEARLS;SEASHELLS;10002.0;3;B
927100;;;PEARLS;SEASHELLS;9996.0;2;S
927500;;;PEARLS;SEASHELLS;10002.0;1;S
927500;;;PEARLS;SEASHELLS;10002.0;3;S
928100;;;PEARLS;SEASHELLS;9996.0;2;S
928100;;;PEARLS;SEASHELLS;9996.0;4;S
928700;;;PEARLS;SEASHELLS;9995.0;6;S
928900;;;PEARLS;SEASHELLS;9998.0;2;B
929000;;;PEARLS;SEASHELLS;9998.0;9;S
929000;;;PEARLS;SEASHELLS;9998.0;1;S
929000;;;PEARLS;SEASHELLS;9998.0;2;S
929300;;;PEARLS;SEASHELLS;10005.0;12;B
929300;;;PEARLS;SEASHELLS;10005.0;4;B
929600;;;PEARLS;SEASHELLS;10002.0;2;S
930600;;;PEARLS;SEASHELLS;9998.0;7;S
931100;;;PEARLS;SEASHELLS;10004.0;1;B
931600;;;PEARLS;SEASHELLS;9998.0;1;B
932500;;;PEARLS;SEASHELLS;10002.0;1;S
932900;;;PEARLS;SEASHELLS;10002.0;1;M
933000;;;PEARLS;SEASHELLS;9996.0;2;S
933900;;;PEARLS;SEASHELLS;10002.0;1;S
933900;;;PEARLS;SEASHELLS;10004.0;1;B
933900;;;PEARLS;SEASHELLS;10004.0;7;B
934000;;;PEARLS;SEASHELLS;10002.0;6;S
934000;;;PEARLS;SEASHELLS;10005.0;1;B
934600;;;PEARLS;SEASHELLS;9998.0;1;S
935500;;;PEARLS;SEASHELLS;9998.0;1;B
936400;;;PEARLS;SEASHELLS;9998.0;6;B
936600;;;PEARLS;SEASHELLS;10002.0;6;S
936900;;;PEARLS;SEASHELLS;10002.0;1;S
938300;;;PEARLS;SEASHELLS;9998.0;1;B
938700;;;PEARLS;SEASHELLS;10002.0;8;B
938800;;;PEARLS;SEASHELLS;9998.0;1;B
939100;;;PEARLS;SEASHELLS;9996.0;1;S
939200;;;PEARLS;SEASHELLS;10004.0;2;B
939500;;;PEARLS;SEASHELLS;10002.0;1;B
940400;;;PEARLS;SEASHELLS;10004.0;1;B
940700;;;PEARLS;SEASHELLS;10005.0;11;B
940800;;;PEARLS;SEASHELLS;9998.0;1;B
941000;;;PEARLS;SEASHELLS;10004.0;1;B
941700;;;PEARLS;SEASHELLS;10005.0;1;B
941900;;;PEARLS;SEASHELLS;10004.0;1;B
942500;;;PEARLS;SEASHELLS;9998.0;1;B
942600;;;PEARLS;SEASHELLS;9998.0;1;B
942700;;;PEARLS;SEASHELLS;9998.0;2;B
944200;;;PEARLS;SEASHELLS;10002.0;1;B
944400;;;PEARLS;SEASHELLS;10002.0;1;S
944400;;;PEARLS;SEASHELLS;10002.0;5;S
944400;;;PEARLS;SEASHELLS;10005.0;1;B
944600;;;PEARLS;SEASHELLS;9998.0;4;B
944800;;;PEARLS;SEASHELLS;10005.0;1;B
945100;;;PEARLS;SEASHELLS;9998.0;1;B
945400;;;PEARLS;SEASHELLS;10005.0;1;B
945500;;;PEARLS;SEASHELLS;9998.0;4;B
946400;;;PEARLS;SEASHELLS;10005.0;11;B
948300;;;PEARLS;SEASHELLS;10002.0;3;S
948500;;;PEARLS;SEASHELLS;9998.0;1;B
948600;;;PEARLS;SEASHELLS;9995.0;1;S
948700;;;PEARLS;SEASHELLS;9998.0;1;B
948900;;;PEARLS;SEASHELLS;10002.0;1;B
949200;;;PEARLS;SEASHELLS;10004.0;1;B
949400;;;PEARLS;SEASHELLS;10002.0;2;S
949600;;;PEARLS;SEASHELLS;10002.0;1;B
950300;;;PEARLS;SEASHELLS;10002.0;4;S
950800;;;PEARLS;SEASHELLS;10002.0;1;B
951800;;;PEARLS;SEASHELLS;9995.0;1;S
952600;;;PEARLS;SEASHELLS;10002.0;1;B
952700;;;PEARLS;SEASHELLS;9998.0;4;B
952800;;;PEARLS;SEASHELLS;10002.0;1;S
953000;;;PEARLS;SEASHELLS;9998.0;2;B
953200;;;PEARLS;SEASHELLS;10005.0;2;B
953500;;;PEARLS;SEASHELLS;9998.0;3;B
953600;;;PEARLS;SEASHELLS;9998.0;1;S
954600;;;PEARLS;SEASHELLS;9998.0;1;B
954800;;;PEARLS;SEASHELLS;10002.0;1;S
955700;;;PEARLS;SEASHELLS;9995.0;2;S
956200;;;PEARLS;SEASHELLS;9996.0;3;S
956200;;;PEARLS;SEASHELLS;9996.0;2;S
956300;;;PEARLS;SEASHELLS;9998.0;5;B
956700;;;PEARLS;SEASHELLS;9998.0;3;B
959600;;;PEARLS;SEASHELLS;10002.0;1;S
960000;;;PEARLS;SEASHELLS;9996.0;1;S
960000;;;PEARLS;SEASHELLS;9996.0;2;S
960700;;;PEARLS;SEASHELLS;10005.0;1;B
961400;;;PEARLS;SEASHELLS;9996.0;1;S
961400;;;PEARLS;SEASHELLS;9996.0;1;S
961600;;;PEARLS;SEASHELLS;10002.0;2;S
961900;;;PEARLS;SEASHELLS;10002.0;1;S
962000;;;PEARLS;SEASHELLS;9998.0;3;B
962800;;;PEARLS;SEASHELLS;9998.0;1;B
963500;;;PEARLS;SEASHELLS;10004.0;1;B
964000;;;PEARLS;SEASHELLS;10004.0;6;B
964000;;;PEARLS;SEASHELLS;10004.0;2;B
964200;;;PEARLS;SEASHELLS;9998.0;1;B
964300;;;PEARLS;SEASHELLS;10005.0;2;B
965300;;;PEARLS;SEASHELLS;10002.0;2;S
965800;;;PEARLS;SEASHELLS;9998.0;1;B
966000;;;PEARLS;SEASHELLS;10002.0;3;S
966000;;;PEARLS;SEASHELLS;10002.0;4;S
966500;;;PEARLS;SEASHELLS;9998.0;9;S
966800;;;PEARLS;SEASHELLS;9996.0;2;S
967300;;;PEARLS;SEASHELLS;10002.0;1;S
968100;;;PEARLS;SEASHELLS;10002.0;9;B
968500;;;PEARLS;SEASHELLS;9998.0;1;S
968900;;;PEARLS;SEASHELLS;10002.0;1;S
969100;;;PEARLS;SEASHELLS;9998.0;1;B
969100;;;PEARLS;SEASHELLS;9998.0;2;B
969400;;;PEARLS;SEASHELLS;9998.0;1;S
970400;;;PEARLS;SEASHELLS;9998.0;1;S
970900;;;PEARLS;SEASHELLS;10004.0;2;B
970900;;;PEARLS;SEASHELLS;10004.0;5;B
971000;;;PEARLS;SEASHELLS;10002.0;3;S
971100;;;PEARLS;SEASHELLS;10002.0;8;S
971100;;;PEARLS;SEASHELLS;10002.0;3;S
971200;;;PEARLS;SEASHELLS;9998.0;1;S
973000;;;PEARLS;SEASHELLS;10002.0;1;S
973100;;;PEARLS;SEASHELLS;9998.0;5;B
973600;;;PEARLS;SEASHELLS;10002.0;1;B
973800;;;PEARLS;SEASHELLS;10002.0;4;S
973900;;;PEARLS;SEASHELLS;10002.0;1;B
974200;;;PEARLS;SEASHELLS;9995.0;1;S
974600;;;PEARLS;SEASHELLS;10005.0;5;B
974700;;;PEARLS;SEASHELLS;9998.0;1;S
974800;;;PEARLS;SEASHELLS;9996.0;1;S
975100;;;PEARLS;SEASHELLS;9995.0;5;S
975500;;;PEARLS;SEASHELLS;10005.0;7;B
976500;;;PEARLS;SEASHELLS;10005.0;2;B
976600;;;PEARLS;SEASHELLS;10002.0;1;S
977100;;;PEARLS;SEASHELLS;10002.0;2;B
978200;;;PEARLS;SEASHELLS;9995.0;6;S
979000;;;PEARLS;SEASHELLS;10002.0;1;S
980400;;;PEARLS;SEASHELLS;10002.0;4;B
980800;;;PEARLS;SEASHELLS;9998.0;5;B
981700;;;PEARLS;SEASHELLS;9995.0;1;S
981800;;;PEARLS;SEASHELLS;10004.0;10;B
981800;;;PEARLS;SEASHELLS;10004.0;1;B
982100;;;PEARLS;SEASHELLS;9998.0;1;B
983400;;;PEARLS;SEASHELLS;9998.0;1;B
983500;;;PEARLS;SEASHELLS;9998.0;1;B
983700;;;PEARLS;SEASHELLS;10004.0;2;B
983900;;;PEARLS;SEASHELLS;10002.0;1;B
984100;;;PEARLS;SEASHELLS;10004.0;2;B
984900;;;PEARLS;SEASHELLS;9998.0;3;S
985300;;;PEARLS;SEASHELLS;9998.0;4;S
985400;;;PEARLS;SEASHELLS;10002.0;1;S
985700;;;PEARLS;SEASHELLS;9998.0;2;B
986100;;;PEARLS;SEASHELLS;10002.0;1;S
986200;;;PEARLS;SEASHELLS;10004.0;2;B
986200;;;PEARLS;SEASHELLS;10004.0;4;B
986800;;;PEARLS;SEASHELLS;9998.0;1;B
987000;;;PEARLS;SEASHELLS;10002.0;1;S
987100;;;PEARLS;SEASHELLS;9998.0;1;B
987600;;;PEARLS;SEASHELLS;10002.0;1;S
988700;;;PEARLS;SEASHELLS;10002.0;3;S
988900;;;PEARLS;SEASHELLS;9996.0;1;S
988900;;;PEARLS;SEASHELLS;9996.0;2;S
989400;;;PEARLS;SEASHELLS;9996.0;1;S
989400;;;PEARLS;SEASHELLS;9998.0;1;B
989400;;;PEARLS;SEASHELLS;9996.0;1;S
989800;;;PEARLS;SEASHELLS;10004.0;1;B
990800;;;PEARLS;SEASHELLS;9998.0;1;S
994300;;;PEARLS;SEASHELLS;10002.0;4;S
995200;;;PEARLS;SEASHELLS;10004.0;4;B
995200;;;PEARLS;SEASHELLS;10004.0;1;B
996200;;;PEARLS;SEASHELLS;10002.0;4;S
996700;;;PEARLS;SEASHELLS;10004.0;1;B
996800;;;PEARLS;SEASHELLS;9996.0;2;S
997000;;;PEARLS;SEASHELLS;10004.0;1;B
997700;;;PEARLS;SEASHELLS;9996.0;1;S
999800;;;PEARLS;SEASHELLS;9998.0;1;B
1000000;;;PEARLS;SEASHELLS;10004.0;1;B
1001100;;;PEARLS;SEASHELLS;9996.0;2;M
1001700;;;PEARLS;SEASHELLS;10002.0;1;S
1001800;;;PEARLS;SEASHELLS;10002.0;1;M
1002000;;;PEARLS;SEASHELLS;9998.0;1;M
1002900;;;PEARLS;SEASHELLS;9996.0;1;S
1002900;;;PEARLS;SEASHELLS;9996.0;11;S
1003000;;;PEARLS;SEASHELLS;10005.0;1;B
1003100;;;PEARLS;SEASHELLS;9996.0;2;S
1003200;;;PEARLS;SEASHELLS;9996.0;1;S
1003200;;;PEARLS;SEASHELLS;9996.0;1;S
1003700;;;PEARLS;SEASHELLS;10002.0;1;B
1003800;;;PEARLS;SEASHELLS;9996.0;1;S
1004200;;;PEARLS;SEASHELLS;9996.0;2;M
1004300;;;PEARLS;SEASHELLS;9995.0;2;S
1004800;;;PEARLS;SEASHELLS;10004.0;2;B
1006500;;;PEARLS;SEASHELLS;9998.0;1;M
1006600;;;PEARLS;SEASHELLS;10004.0;2;B
1006700;;;PEARLS;SEASHELLS;10002.0;3;M
1006900;;;PEARLS;SEASHELLS;10002.0;1;M
1007000;;;PEARLS;SEASHELLS;10005.0;2;B
1007300;;;PEARLS;SEASHELLS;10004.0;2;B
1008100;;;PEARLS;SEASHELLS;9996.0;1;M
1008100;;;PEARLS;SEASHELLS;9996.0;1;M
1008800;;;PEARLS;SEASHELLS;9998.0;1;S
1010300;;;PEARLS;SEASHELLS;9998.0;1;S
1010400;;;PEARLS;SEASHELLS;10002.0;1;M
1010800;;;PEARLS;SEASHELLS;10004.0;10;B
1010800;;;PEARLS;SEASHELLS;10004.0;2;B
1011100;;;PEARLS;SEASHELLS;9998.0;4;M
1011100;;;PEARLS;SEASHELLS;9998.0;3;M
1011400;;;PEARLS;SEASHELLS;9996.0;1;S
1011500;;;PEARLS;SEASHELLS;10002.0;2;B
1012000;;;PEARLS;SEASHELLS;10002.0;1;M
1013000;;;PEARLS;SEASHELLS;10002.0;1;M
1013200;;;PEARLS;SEASHELLS;9998.0;2;M
1013300;;;PEARLS;SEASHELLS;10005.0;2;B
1015300;;;PEARLS;SEASHELLS;10002.0;1;B
1015400;;;PEARLS;SEASHELLS;9998.0;1;S
1015600;;;PEARLS;SEASHELLS;10004.0;2;B
1015700;;;PEARLS;SEASHELLS;10002.0;1;M
1016200;;;PEARLS;SEASHELLS;9998.0;1;M
1016300;;;PEARLS;SEASHELLS;10004.0;1;B
1016400;;;PEARLS;SEASHELLS;10002.0;1;B
1016700;;;PEARLS;SEASHELLS;10002.0;1;M
1016800;;;PEARLS;SEASHELLS;9995.0;5;S
1019300;;;PEARLS;SEASHELLS;9996.0;1;M
1019700;;;PEARLS;SEASHELLS;10002.0;1;M
1020100;;;PEARLS;SEASHELLS;10002.0;1;B
1020100;;;PEARLS;SEASHELLS;10002.0;4;B
1020200;;;PEARLS;SEASHELLS;9998.0;1;M
1020500;;;PEARLS;SEASHELLS;9998.0;1;M
1020700;;;PEARLS;SEASHELLS;10002.0;1;M
1021200;;;PEARLS;SEASHELLS;9998.0;1;M
1021300;;;PEARLS;SEASHELLS;9996.0;1;M
1021300;;;PEARLS;SEASHELLS;9996.0;7;M
1022200;;;PEARLS;SEASHELLS;9998.0;6;M
1022400;;;PEARLS;SEASHELLS;9998.0;1;M
1022800;;;PEARLS;SEASHELLS;9998.0;2;M
1023200;;;PEARLS;SEASHELLS;9998.0;2;M
1023300;;;PEARLS;SEASHELLS;9998.0;1;M
1023700;;;PEARLS;SEASHELLS;10002.0;1;M
1024100;;;PEARLS;SEASHELLS;9996.0;1;S
1024100;;;PEARLS;SEASHELLS;9996.0;7;S
1024500;;;PEARLS;SEASHELLS;10002.0;1;B
1024600;;;PEARLS;SEASHELLS;9998.0;2;M
1025100;;;PEARLS;SEASHELLS;10002.0;1;B
1025200;;;PEARLS;SEASHELLS;10002.0;1;M
1025200;;;PEARLS;SEASHELLS;9998.0;3;M
1025200;;;PEARLS;SEASHELLS;9998.0;5;M
1025700;;;PEARLS;SEASHELLS;10004.0;2;M
1026300;;;PEARLS;SEASHELLS;9998.0;1;M
1026600;;;PEARLS;SEASHELLS;9998.0;1;S
1027600;;;PEARLS;SEASHELLS;9998.0;4;M
1028200;;;PEARLS;SEASHELLS;9998.0;2;M
1029000;;;PEARLS;SEASHELLS;10005.0;8;B
1029400;;;PEARLS;SEASHELLS;10002.0;1;M
1030000;;;PEARLS;SEASHELLS;9998.0;1;M
1030000;;;PEARLS;SEASHELLS;9998.0;3;M
1030600;;;PEARLS;SEASHELLS;10002.0;1;M
1031900;;;PEARLS;SEASHELLS;10005.0;2;B
1032600;;;PEARLS;SEASHELLS;10005.0;2;B
1032600;;;PEARLS;SEASHELLS;10002.0;1;M
1032800;;;PEARLS;SEASHELLS;9996.0;2;S
1033000;;;PEARLS;SEASHELLS;10002.0;6;M
1033500;;;PEARLS;SEASHELLS;10004.0;1;M
1033600;;;PEARLS;SEASHELLS;10002.0;6;B
1034100;;;PEARLS;SEASHELLS;9996.0;1;M
1034100;;;PEARLS;SEASHELLS;9996.0;2;M
1034300;;;PEARLS;SEASHELLS;10002.0;1;M
1035000;;;PEARLS;SEASHELLS;10002.0;1;S
1035100;;;PEARLS;SEASHELLS;10002.0;3;B
1035400;;;PEARLS;SEASHELLS;10002.0;3;M
1036100;;;PEARLS;SEASHELLS;10002.0;1;B
1036200;;;PEARLS;SEASHELLS;9998.0;1;M
1037500;;;PEARLS;SEASHELLS;9996.0;1;M
1038500;;;PEARLS;SEASHELLS;10002.0;1;M
1038600;;;PEARLS;SEASHELLS;9996.0;1;M
1038800;;;PEARLS;SEASHELLS;9996.0;1;S
1039200;;;PEARLS;SEASHELLS;9998.0;1;M
1039400;;;PEARLS;SEASHELLS;10004.0;1;B
1039500;;;PEARLS;SEASHELLS;9998.0;1;M
1040900;;;PEARLS;SEASHELLS;10004.0;2;B
1040900;;;PEARLS;SEASHELLS;10004.0;1;B
1040900;;;PEARLS;SEASHELLS;10004.0;8;B
1042500;;;PEARLS;SEASHELLS;10002.0;3;M
1042500;;;PEARLS;SEASHELLS;10002.0;1;M
1042600;;;PEARLS;SEASHELLS;9995.0;2;S
1042900;;;PEARLS;SEASHELLS;10005.0;2;B
1043900;;;PEARLS;SEASHELLS;10002.0;4;M
1044800;;;PEARLS;SEASHELLS;9998.0;1;M
1045000;;;PEARLS;SEASHELLS;10002.0;1;M
1045900;;;PEARLS;SEASHELLS;10004.0;1;B
1045900;;;PEARLS;SEASHELLS;10004.0;1;B
1046600;;;PEARLS;SEASHELLS;9998.0;2;M
1047100;;;PEARLS;SEASHELLS;9998.0;1;S
1047500;;;PEARLS;SEASHELLS;10002.0;4;M
1048100;;;PEARLS;SEASHELLS;9995.0;2;S
1048600;;;PEARLS;SEASHELLS;9996.0;1;S
1049900;;;PEARLS;SEASHELLS;10005.0;2;B
1049900;;;PEARLS;SEASHELLS;9998.0;6;M
1050400;;;PEARLS;SEASHELLS;9998.0;1;M
1050600;;;PEARLS;SEASHELLS;10002.0;1;M
1051600;;;PEARLS;SEASHELLS;10002.0;1;M
1051600;;;PEARLS;SEASHELLS;10002.0;1;M
1051700;;;PEARLS;SEASHELLS;9995.0;11;S
1051900;;;PEARLS;SEASHELLS;9996.0;1;S
1052100;;;PEARLS;SEASHELLS;9995.0;8;S
1052300;;;PEARLS;SEASHELLS;10002.0;1;M
1052900;;;PEARLS;SEASHELLS;10005.0;6;B
1053900;;;PEARLS;SEASHELLS;10004.0;2;B
1054100;;;PEARLS;SEASHELLS;9998.0;1;M
1054300;;;PEARLS;SEASHELLS;10004.0;1;M
1054300;;;PEARLS;SEASHELLS;10004.0;2;M
1054600;;;PEARLS;SEASHELLS;10002.0;3;M
1055100;;;PEARLS;SEASHELLS;10005.0;2;B
1055700;;;PEARLS;SEASHELLS;9996.0;1;S
1057200;;;PEARLS;SEASHELLS;10002.0;2;B
1057800;;;PEARLS;SEASHELLS;9998.0;1;B
1057900;;;PEARLS;SEASHELLS;9998.0;1;B
1058000;;;PEARLS;SEASHELLS;9998.0;4;M
1058100;;;PEARLS;SEASHELLS;10005.0;3;B
1058600;;;PEARLS;SEASHELLS;10002.0;1;M
1058800;;;PEARLS;SEASHELLS;9995.0;12;S
1059100;;;PEARLS;SEASHELLS;10005.0;1;B
1060000;;;PEARLS;SEASHELLS;9998.0;2;M
1060000;;;PEARLS;SEASHELLS;10005.0;1;B
1060200;;;PEARLS;SEASHELLS;9995.0;8;S
1061900;;;PEARLS;SEASHELLS;9998.0;1;M
1062200;;;PEARLS;SEASHELLS;10002.0;4;M
1062300;;;PEARLS;SEASHELLS;10005.0;2;B
1062900;;;PEARLS;SEASHELLS;9998.0;4;M
1063900;;;PEARLS;SEASHELLS;9995.0;12;S
1064000;;;PEARLS;SEASHELLS;9998.0;1;M
1064200;;;PEARLS;SEASHELLS;9996.0;2;S
1064200;;;PEARLS;SEASHELLS;9996.0;1;S
1064400;;;PEARLS;SEASHELLS;9998.0;4;S
1064500;;;PEARLS;SEASHELLS;9998.0;1;M
1065000;;;PEARLS;SEASHELLS;9998.0;1;M
1065100;;;PEARLS;SEASHELLS;9996.0;2;S
1065100;;;PEARLS;SEASHELLS;9996.0;1;S
1065300;;;PEARLS;SEASHELLS;10002.0;2;B
1066000;;;PEARLS;SEASHELLS;9998.0;1;B
1067300;;;PEARLS;SEASHELLS;9998.0;5;S
1068100;;;PEARLS;SEASHELLS;9998.0;2;M
1069300;;;PEARLS;SEASHELLS;9998.0;1;S
1069700;;;PEARLS;SEASHELLS;10002.0;1;M
1070300;;;PEARLS;SEASHELLS;9998.0;2;M
1070600;;;PEARLS;SEASHELLS;9996.0;1;M
1071200;;;PEARLS;SEASHELLS;10002.0;1;B
1071500;;;PEARLS;SEASHELLS;10002.0;3;B
1071900;;;PEARLS;SEASHELLS;10002.0;1;M
1072400;;;PEARLS;SEASHELLS;10002.0;1;M
1072500;;;PEARLS;SEASHELLS;10004.0;1;B
1072900;;;PEARLS;SEASHELLS;10004.0;1;B
1073000;;;PEARLS;SEASHELLS;10002.0;1;B
1073100;;;PEARLS;SEASHELLS;10002.0;1;M
1074000;;;PEARLS;SEASHELLS;10002.0;1;M
1074900;;;PEARLS;SEASHELLS;10002.0;1;B
1075000;;;PEARLS;SEASHELLS;9995.0;9;S
1075000;;;PEARLS;SEASHELLS;9998.0;1;M
1075500;;;PEARLS;SEASHELLS;9996.0;2;S
1075600;;;PEARLS;SEASHELLS;10002.0;1;M
1076100;;;PEARLS;SEASHELLS;9998.0;1;M
1077000;;;PEARLS;SEASHELLS;10002.0;2;M
1077900;;;PEARLS;SEASHELLS;10002.0;3;B
1078100;;;PEARLS;SEASHELLS;10002.0;1;M
1078500;;;PEARLS;SEASHELLS;10004.0;10;B
1078500;;;PEARLS;SEASHELLS;10004.0;1;B
1078800;;;PEARLS;SEASHELLS;10002.0;1;S
1078900;;;PEARLS;SEASHELLS;10002.0;1;M
1079200;;;PEARLS;SEASHELLS;9998.0;3;S
1079900;;;PEARLS;SEASHELLS;9998.0;3;M
1081400;;;PEARLS;SEASHELLS;10004.0;1;B
1081800;;;PEARLS;SEASHELLS;10002.0;1;B
1081900;;;PEARLS;SEASHELLS;9998.0;1;M
1082800;;;PEARLS;SEASHELLS;10002.0;1;B
1083100;;;PEARLS;SEASHELLS;9998.0;1;M
1084100;;;PEARLS;SEASHELLS;9996.0;1;S
1084100;;;PEARLS;SEASHELLS;9996.0;8;S
1084200;;;PEARLS;SEASHELLS;9996.0;2;S
1084200;;;PEARLS;SEASHELLS;9996.0;1;S
1084300;;;PEARLS;SEASHELLS;10004.0;2;M
1085900;;;PEARLS;SEASHELLS;9998.0;1;S
1086100;;;PEARLS;SEASHELLS;10002.0;1;M
1086700;;;PEARLS;SEASHELLS;9998.0;1;S
1087200;;;PEARLS;SEASHELLS;9996.0;1;S
1087900;;;PEARLS;SEASHELLS;10005.0;1;B
1088000;;;PEARLS;SEASHELLS;9996.0;2;S
1089100;;;PEARLS;SEASHELLS;9998.0;1;M
1089200;;;PEARLS;SEASHELLS;10002.0;1;M
1089600;;;PEARLS;SEASHELLS;9996.0;1;S
1089900;;;PEARLS;SEASHELLS;9995.0;2;S
1090000;;;PEARLS;SEASHELLS;9998.0;1;M
1090000;;;PEARLS;SEASHELLS;9998.0;1;M
1090100;;;PEARLS;SEASHELLS;10002.0;3;B
1090300;;;PEARLS;SEASHELLS;9998.0;1;M
1091100;;;PEARLS;SEASHELLS;9996.0;1;M
1091200;;;PEARLS;SEASHELLS;9995.0;1;S
1091700;;;PEARLS;SEASHELLS;9998.0;1;M
