timestamp;buyer;seller;symbol;currency;price;quantity
0;;;BANANAS;SEASHELLS;5003.0;1
1100;;;BANANAS;SEASHELLS;4998.0;1
1300;;;BANANAS;SEASHELLS;5000.0;4
1300;;;BANANAS;SEASHELLS;5000.0;3
1400;;;BANANAS;SEASHELLS;4997.0;10
1500;;;BANANAS;SEASHELLS;5004.0;1
1800;;;BANANAS;SEASHELLS;5003.0;1
2000;;;BANANAS;SEASHELLS;5002.0;1
3200;;;BANANAS;SEASHELLS;4996.0;1
3300;;;BANANAS;SEASHELLS;4996.0;2
3900;;;BANANAS;SEASHELLS;5002.0;1
4200;;;BANANAS;SEASHELLS;4996.0;1
6400;;;BANANAS;SEASHELLS;4995.0;1
6600;;;BANANAS;SEASHELLS;4995.0;1
6700;;;BANANAS;SEASHELLS;4996.0;2
6900;;;BANANAS;SEASHELLS;4999.0;1
6900;;;BANANAS;SEASHELLS;4999.0;1
7300;;;BANANAS;SEASHELLS;4995.0;1
7400;;;BANANAS;SEASHELLS;5000.0;1
7400;;;BANANAS;SEASHELLS;4996.0;1
8200;;;BANANAS;SEASHELLS;5000.0;1
8600;;;BANANAS;SEASHELLS;4999.0;1
8700;;;BANANAS;SEASHELLS;4999.0;2
8800;;;BANANAS;SEASHELLS;4999.0;1
10200;;;BANANAS;SEASHELLS;4994.0;1
10500;;;BANANAS;SEASHELLS;4999.0;5
11100;;;BANANAS;SEASHELLS;5001.0;2
11300;;;BANANAS;SEASHELLS;4994.0;1
11400;;;BANANAS;SEASHELLS;4995.0;1
12800;;;BANANAS;SEASHELLS;4994.0;13
12900;;;BANANAS;SEASHELLS;4999.0;1
13500;;;BANANAS;SEASHELLS;4993.0;1
13900;;;BANANAS;SEASHELLS;4992.0;2
14300;;;BANANAS;SEASHELLS;4992.0;1
15000;;;BANANAS;SEASHELLS;4992.0;1
15800;;;BANANAS;SEASHELLS;4996.0;8
15800;;;BANANAS;SEASHELLS;4996.0;2
16500;;;BANANAS;SEASHELLS;4995.0;9
16500;;;BANANAS;SEASHELLS;4995.0;5
16700;;;BANANAS;SEASHELLS;4994.0;4
16800;;;BANANAS;SEASHELLS;4999.0;2
17800;;;BANANAS;SEASHELLS;4995.0;5
18100;;;BANANAS;SEASHELLS;4992.0;1
18200;;;BANANAS;SEASHELLS;4994.0;5
18300;;;BANANAS;SEASHELLS;4998.0;2
18600;;;BANANAS;SEASHELLS;4993.0;1
19200;;;BANANAS;SEASHELLS;4992.0;1
19400;;;BANANAS;SEASHELLS;4991.0;1
19600;;;BANANAS;SEASHELLS;4995.0;1
20300;;;BANANAS;SEASHELLS;4998.0;1
20300;;;BANANAS;SEASHELLS;4997.0;1
20300;;;BANANAS;SEASHELLS;4998.0;5
20300;;;BANANAS;SEASHELLS;4996.0;5
20400;;;BANANAS;SEASHELLS;4992.0;2
20900;;;BANANAS;SEASHELLS;4998.0;1
21300;;;BANANAS;SEASHELLS;4996.0;1
22300;;;BANANAS;SEASHELLS;4990.0;1
23100;;;BANANAS;SEASHELLS;4990.0;1
24500;;;BANANAS;SEASHELLS;4993.0;1
24600;;;BANANAS;SEASHELLS;4994.0;16
25100;;;BANANAS;SEASHELLS;4992.0;1
25600;;;BANANAS;SEASHELLS;4993.0;2
26300;;;BANANAS;SEASHELLS;4986.0;1
26400;;;BANANAS;SEASHELLS;4985.0;1
26600;;;BANANAS;SEASHELLS;4991.0;15
26700;;;BANANAS;SEASHELLS;4990.0;1
27200;;;BANANAS;SEASHELLS;4985.0;1
28000;;;BANANAS;SEASHELLS;4991.0;1
28300;;;BANANAS;SEASHELLS;4985.0;12
28300;;;BANANAS;SEASHELLS;4985.0;1
28300;;;BANANAS;SEASHELLS;4985.0;2
28500;;;BANANAS;SEASHELLS;4985.0;3
28600;;;BANANAS;SEASHELLS;4989.0;1
28600;;;BANANAS;SEASHELLS;4989.0;2
29400;;;BANANAS;SEASHELLS;4990.0;2
29900;;;BANANAS;SEASHELLS;4989.0;5
29900;;;BANANAS;SEASHELLS;4990.0;1
30300;;;BANANAS;SEASHELLS;4989.0;1
30400;;;BANANAS;SEASHELLS;4984.0;1
30900;;;BANANAS;SEASHELLS;4984.0;1
31000;;;BANANAS;SEASHELLS;4984.0;1
31200;;;BANANAS;SEASHELLS;4985.0;1
31300;;;BANANAS;SEASHELLS;4990.0;1
32700;;;BANANAS;SEASHELLS;4987.0;1
32800;;;BANANAS;SEASHELLS;4982.0;2
33100;;;BANANAS;SEASHELLS;4987.0;8
33100;;;BANANAS;SEASHELLS;4987.0;5
33200;;;BANANAS;SEASHELLS;4983.0;1
33300;;;BANANAS;SEASHELLS;4988.0;1
33800;;;BANANAS;SEASHELLS;4983.0;2
33900;;;BANANAS;SEASHELLS;4987.0;1
34000;;;BANANAS;SEASHELLS;4988.0;1
34900;;;BANANAS;SEASHELLS;4981.0;1
35300;;;BANANAS;SEASHELLS;4981.0;1
35700;;;BANANAS;SEASHELLS;4982.0;14
35700;;;BANANAS;SEASHELLS;4982.0;1
36300;;;BANANAS;SEASHELLS;4989.0;1
36800;;;BANANAS;SEASHELLS;4982.0;1
37300;;;BANANAS;SEASHELLS;4983.0;1
37400;;;BANANAS;SEASHELLS;4984.0;2
38300;;;BANANAS;SEASHELLS;4990.0;13
38500;;;BANANAS;SEASHELLS;4989.0;1
38900;;;BANANAS;SEASHELLS;4984.0;1
38900;;;BANANAS;SEASHELLS;4984.0;2
39300;;;BANANAS;SEASHELLS;4984.0;1
39400;;;BANANAS;SEASHELLS;4984.0;1
39500;;;BANANAS;SEASHELLS;4989.0;1
40500;;;BANANAS;SEASHELLS;4983.0;1
40600;;;BANANAS;SEASHELLS;4983.0;1
41100;;;BANANAS;SEASHELLS;4983.0;1
41600;;;BANANAS;SEASHELLS;4982.0;1
42300;;;BANANAS;SEASHELLS;4987.0;7
42900;;;BANANAS;SEASHELLS;4988.0;1
43100;;;BANANAS;SEASHELLS;4990.0;2
43500;;;BANANAS;SEASHELLS;4984.0;1
43900;;;BANANAS;SEASHELLS;4984.0;1
43900;;;BANANAS;SEASHELLS;4990.0;2
44700;;;BANANAS;SEASHELLS;4989.0;1
45100;;;BANANAS;SEASHELLS;4986.0;1
45600;;;BANANAS;SEASHELLS;4990.0;8
45800;;;BANANAS;SEASHELLS;4987.0;1
45900;;;BANANAS;SEASHELLS;4991.0;8
45900;;;BANANAS;SEASHELLS;4991.0;4
46300;;;BANANAS;SEASHELLS;4987.0;1
46800;;;BANANAS;SEASHELLS;4988.0;2
46800;;;BANANAS;SEASHELLS;4988.0;1
47200;;;BANANAS;SEASHELLS;4993.0;1
47300;;;BANANAS;SEASHELLS;4988.0;2
47400;;;BANANAS;SEASHELLS;4987.0;1
47700;;;BANANAS;SEASHELLS;4988.0;1
48200;;;BANANAS;SEASHELLS;4990.0;5
48300;;;BANANAS;SEASHELLS;4991.0;1
48600;;;BANANAS;SEASHELLS;4992.0;1
48600;;;BANANAS;SEASHELLS;4989.0;1
48900;;;BANANAS;SEASHELLS;4990.0;1
49300;;;BANANAS;SEASHELLS;4996.0;1
49400;;;BANANAS;SEASHELLS;4990.0;1
49700;;;BANANAS;SEASHELLS;4990.0;2
49900;;;BANANAS;SEASHELLS;4989.0;1
50200;;;BANANAS;SEASHELLS;4990.0;1
50300;;;BANANAS;SEASHELLS;4989.0;1
50400;;;BANANAS;SEASHELLS;4989.0;2
51000;;;BANANAS;SEASHELLS;4989.0;1
51300;;;BANANAS;SEASHELLS;4994.0;1
51500;;;BANANAS;SEASHELLS;4988.0;13
51600;;;BANANAS;SEASHELLS;4993.0;1
52200;;;BANANAS;SEASHELLS;4989.0;1
52300;;;BANANAS;SEASHELLS;4988.0;1
53400;;;BANANAS;SEASHELLS;4994.0;10
53500;;;BANANAS;SEASHELLS;4993.0;1
53600;;;BANANAS;SEASHELLS;4988.0;2
53600;;;BANANAS;SEASHELLS;4987.0;1
53600;;;BANANAS;SEASHELLS;4988.0;15
53700;;;BANANAS;SEASHELLS;4989.0;2
54600;;;BANANAS;SEASHELLS;4990.0;1
54600;;;BANANAS;SEASHELLS;4991.0;3
54700;;;BANANAS;SEASHELLS;4995.0;1
55200;;;BANANAS;SEASHELLS;4995.0;1
56100;;;BANANAS;SEASHELLS;4996.0;1
56500;;;BANANAS;SEASHELLS;4991.0;1
56500;;;BANANAS;SEASHELLS;4995.0;11
56700;;;BANANAS;SEASHELLS;4991.0;4
56700;;;BANANAS;SEASHELLS;4991.0;2
57000;;;BANANAS;SEASHELLS;4997.0;1
57400;;;BANANAS;SEASHELLS;4997.0;1
57700;;;BANANAS;SEASHELLS;4991.0;1
57800;;;BANANAS;SEASHELLS;4990.0;1
58000;;;BANANAS;SEASHELLS;4991.0;1
58600;;;BANANAS;SEASHELLS;4995.0;10
58800;;;BANANAS;SEASHELLS;4989.0;1
60000;;;BANANAS;SEASHELLS;4991.0;1
60200;;;BANANAS;SEASHELLS;4988.0;1
60200;;;BANANAS;SEASHELLS;4988.0;1
60300;;;BANANAS;SEASHELLS;4991.0;13
60600;;;BANANAS;SEASHELLS;4988.0;1
60800;;;BANANAS;SEASHELLS;4987.0;2
61100;;;BANANAS;SEASHELLS;4994.0;2
61300;;;BANANAS;SEASHELLS;4992.0;1
62300;;;BANANAS;SEASHELLS;4995.0;1
62400;;;BANANAS;SEASHELLS;4989.0;5
62500;;;BANANAS;SEASHELLS;4992.0;3
62500;;;BANANAS;SEASHELLS;4992.0;2
62600;;;BANANAS;SEASHELLS;4988.0;1
62900;;;BANANAS;SEASHELLS;4990.0;15
62900;;;BANANAS;SEASHELLS;4990.0;1
63200;;;BANANAS;SEASHELLS;4991.0;1
63300;;;BANANAS;SEASHELLS;4996.0;2
64200;;;BANANAS;SEASHELLS;4989.0;2
64500;;;BANANAS;SEASHELLS;4994.0;1
64500;;;BANANAS;SEASHELLS;4994.0;1
65400;;;BANANAS;SEASHELLS;4987.0;1
65600;;;BANANAS;SEASHELLS;4986.0;1
65800;;;BANANAS;SEASHELLS;4986.0;1
67000;;;BANANAS;SEASHELLS;4985.0;1
67200;;;BANANAS;SEASHELLS;4989.0;1
67400;;;BANANAS;SEASHELLS;4983.0;2
67500;;;BANANAS;SEASHELLS;4984.0;2
67500;;;BANANAS;SEASHELLS;4984.0;6
67900;;;BANANAS;SEASHELLS;4984.0;2
67900;;;BANANAS;SEASHELLS;4986.0;1
68000;;;BANANAS;SEASHELLS;4984.0;1
68200;;;BANANAS;SEASHELLS;4989.0;1
68300;;;BANANAS;SEASHELLS;4983.0;1
68500;;;BANANAS;SEASHELLS;4990.0;2
68500;;;BANANAS;SEASHELLS;4990.0;10
68800;;;BANANAS;SEASHELLS;4985.0;9
68900;;;BANANAS;SEASHELLS;4989.0;1
69300;;;BANANAS;SEASHELLS;4990.0;2
69400;;;BANANAS;SEASHELLS;4989.0;1
69600;;;BANANAS;SEASHELLS;4985.0;2
70400;;;BANANAS;SEASHELLS;4980.0;1
70500;;;BANANAS;SEASHELLS;4979.0;3
70700;;;BANANAS;SEASHELLS;4980.0;10
71400;;;BANANAS;SEASHELLS;4980.0;1
73400;;;BANANAS;SEASHELLS;4982.0;1
73700;;;BANANAS;SEASHELLS;4987.0;9
73900;;;BANANAS;SEASHELLS;4980.0;1
74200;;;BANANAS;SEASHELLS;4984.0;1
74300;;;BANANAS;SEASHELLS;4983.0;1
74400;;;BANANAS;SEASHELLS;4985.0;2
75200;;;BANANAS;SEASHELLS;4978.0;1
75300;;;BANANAS;SEASHELLS;4983.0;3
75500;;;BANANAS;SEASHELLS;4979.0;1
76200;;;BANANAS;SEASHELLS;4979.0;6
76200;;;BANANAS;SEASHELLS;4979.0;5
76400;;;BANANAS;SEASHELLS;4978.0;1
76400;;;BANANAS;SEASHELLS;4978.0;1
76400;;;BANANAS;SEASHELLS;4978.0;7
77800;;;BANANAS;SEASHELLS;4981.0;1
78100;;;BANANAS;SEASHELLS;4979.0;1
78300;;;BANANAS;SEASHELLS;4974.0;2
78400;;;BANANAS;SEASHELLS;4976.0;1
78400;;;BANANAS;SEASHELLS;4976.0;7
78800;;;BANANAS;SEASHELLS;4974.0;1
78800;;;BANANAS;SEASHELLS;4981.0;10
79000;;;BANANAS;SEASHELLS;4981.0;2
79500;;;BANANAS;SEASHELLS;4975.0;20
80100;;;BANANAS;SEASHELLS;4979.0;1
80500;;;BANANAS;SEASHELLS;4973.0;1
80900;;;BANANAS;SEASHELLS;4973.0;1
81300;;;BANANAS;SEASHELLS;4978.0;1
81800;;;BANANAS;SEASHELLS;4973.0;1
82000;;;BANANAS;SEASHELLS;4976.0;5
82100;;;BANANAS;SEASHELLS;4972.0;1
82600;;;BANANAS;SEASHELLS;4972.0;1
83200;;;BANANAS;SEASHELLS;4972.0;2
83300;;;BANANAS;SEASHELLS;4972.0;11
83600;;;BANANAS;SEASHELLS;4972.0;8
84200;;;BANANAS;SEASHELLS;4972.0;8
84200;;;BANANAS;SEASHELLS;4977.0;1
84200;;;BANANAS;SEASHELLS;4972.0;2
84500;;;BANANAS;SEASHELLS;4972.0;2
84600;;;BANANAS;SEASHELLS;4979.0;2
84700;;;BANANAS;SEASHELLS;4978.0;1
85200;;;BANANAS;SEASHELLS;4973.0;3
85700;;;BANANAS;SEASHELLS;4972.0;8
85700;;;BANANAS;SEASHELLS;4972.0;2
85800;;;BANANAS;SEASHELLS;4974.0;13
85800;;;BANANAS;SEASHELLS;4974.0;7
85900;;;BANANAS;SEASHELLS;4974.0;1
86000;;;BANANAS;SEASHELLS;4978.0;1
86000;;;BANANAS;SEASHELLS;4974.0;1
86200;;;BANANAS;SEASHELLS;4976.0;2
86300;;;BANANAS;SEASHELLS;4975.0;1
86700;;;BANANAS;SEASHELLS;4975.0;14
87200;;;BANANAS;SEASHELLS;4977.0;1
87400;;;BANANAS;SEASHELLS;4975.0;13
87500;;;BANANAS;SEASHELLS;4976.0;9
87900;;;BANANAS;SEASHELLS;4982.0;12
88200;;;BANANAS;SEASHELLS;4977.0;3
88900;;;BANANAS;SEASHELLS;4982.0;1
89100;;;BANANAS;SEASHELLS;4983.0;1
90000;;;BANANAS;SEASHELLS;4977.0;1
90100;;;BANANAS;SEASHELLS;4983.0;1
91000;;;BANANAS;SEASHELLS;4977.0;1
91500;;;BANANAS;SEASHELLS;4976.0;1
91900;;;BANANAS;SEASHELLS;4975.0;1
92300;;;BANANAS;SEASHELLS;4976.0;1
92300;;;BANANAS;SEASHELLS;4977.0;1
92500;;;BANANAS;SEASHELLS;4975.0;1
92500;;;BANANAS;SEASHELLS;4976.0;11
92600;;;BANANAS;SEASHELLS;4976.0;1
93300;;;BANANAS;SEASHELLS;4977.0;1
93400;;;BANANAS;SEASHELLS;4980.0;5
94100;;;BANANAS;SEASHELLS;4976.0;1
94300;;;BANANAS;SEASHELLS;4974.0;1
94400;;;BANANAS;SEASHELLS;4974.0;1
95100;;;BANANAS;SEASHELLS;4975.0;2
95300;;;BANANAS;SEASHELLS;4975.0;1
95300;;;BANANAS;SEASHELLS;4974.0;2
95600;;;BANANAS;SEASHELLS;4979.0;2
95600;;;BANANAS;SEASHELLS;4980.0;1
95800;;;BANANAS;SEASHELLS;4976.0;1
95900;;;BANANAS;SEASHELLS;4980.0;1
96100;;;BANANAS;SEASHELLS;4975.0;1
96200;;;BANANAS;SEASHELLS;4975.0;1
96200;;;BANANAS;SEASHELLS;4980.0;6
96800;;;BANANAS;SEASHELLS;4980.0;1
97300;;;BANANAS;SEASHELLS;4975.0;1
98100;;;BANANAS;SEASHELLS;4980.0;1
98100;;;BANANAS;SEASHELLS;4977.0;3
98200;;;BANANAS;SEASHELLS;4974.0;1
98300;;;BANANAS;SEASHELLS;4974.0;7
98400;;;BANANAS;SEASHELLS;4975.0;1
98400;;;BANANAS;SEASHELLS;4977.0;1
98800;;;BANANAS;SEASHELLS;4981.0;2
98800;;;BANANAS;SEASHELLS;4981.0;1
99000;;;BANANAS;SEASHELLS;4976.0;11
99500;;;BANANAS;SEASHELLS;4982.0;19
101800;;;BANANAS;SEASHELLS;4976.0;2
102200;;;BANANAS;SEASHELLS;4978.0;2
102400;;;BANANAS;SEASHELLS;4972.0;1
102500;;;BANANAS;SEASHELLS;4977.0;1
102900;;;BANANAS;SEASHELLS;4977.0;3
102900;;;BANANAS;SEASHELLS;4979.0;14
103100;;;BANANAS;SEASHELLS;4972.0;2
104400;;;BANANAS;SEASHELLS;4970.0;2
104700;;;BANANAS;SEASHELLS;4971.0;1
104800;;;BANANAS;SEASHELLS;4971.0;1
104900;;;BANANAS;SEASHELLS;4976.0;1
105200;;;BANANAS;SEASHELLS;4970.0;1
106500;;;BANANAS;SEASHELLS;4976.0;11
106700;;;BANANAS;SEASHELLS;4971.0;4
106800;;;BANANAS;SEASHELLS;4971.0;2
106800;;;BANANAS;SEASHELLS;4971.0;9
107000;;;BANANAS;SEASHELLS;4971.0;1
107500;;;BANANAS;SEASHELLS;4975.0;7
107500;;;BANANAS;SEASHELLS;4977.0;2
107700;;;BANANAS;SEASHELLS;4976.0;2
107800;;;BANANAS;SEASHELLS;4975.0;1
108000;;;BANANAS;SEASHELLS;4977.0;12
108400;;;BANANAS;SEASHELLS;4975.0;1
108500;;;BANANAS;SEASHELLS;4977.0;11
108800;;;BANANAS;SEASHELLS;4970.0;1
108900;;;BANANAS;SEASHELLS;4977.0;1
109400;;;BANANAS;SEASHELLS;4975.0;1
109900;;;BANANAS;SEASHELLS;4976.0;1
110000;;;BANANAS;SEASHELLS;4974.0;4
110400;;;BANANAS;SEASHELLS;4969.0;9
111300;;;BANANAS;SEASHELLS;4970.0;1
112300;;;BANANAS;SEASHELLS;4972.0;1
112400;;;BANANAS;SEASHELLS;4977.0;1
112500;;;BANANAS;SEASHELLS;4976.0;1
113100;;;BANANAS;SEASHELLS;4977.0;1
113200;;;BANANAS;SEASHELLS;4976.0;1
113300;;;BANANAS;SEASHELLS;4976.0;1
113400;;;BANANAS;SEASHELLS;4978.0;1
113700;;;BANANAS;SEASHELLS;4978.0;1
113800;;;BANANAS;SEASHELLS;4973.0;1
113900;;;BANANAS;SEASHELLS;4972.0;1
114300;;;BANANAS;SEASHELLS;4972.0;1
115000;;;BANANAS;SEASHELLS;4973.0;1
115200;;;BANANAS;SEASHELLS;4973.0;1
115300;;;BANANAS;SEASHELLS;4978.0;1
115400;;;BANANAS;SEASHELLS;4974.0;6
115800;;;BANANAS;SEASHELLS;4977.0;1
116700;;;BANANAS;SEASHELLS;4976.0;1
117700;;;BANANAS;SEASHELLS;4977.0;1
118000;;;BANANAS;SEASHELLS;4972.0;1
118200;;;BANANAS;SEASHELLS;4973.0;7
118600;;;BANANAS;SEASHELLS;4971.0;1
119300;;;BANANAS;SEASHELLS;4976.0;1
119400;;;BANANAS;SEASHELLS;4971.0;8
119500;;;BANANAS;SEASHELLS;4972.0;1
119700;;;BANANAS;SEASHELLS;4972.0;1
120700;;;BANANAS;SEASHELLS;4970.0;1
120800;;;BANANAS;SEASHELLS;4975.0;1
122700;;;BANANAS;SEASHELLS;4970.0;1
123000;;;BANANAS;SEASHELLS;4972.0;1
123100;;;BANANAS;SEASHELLS;4975.0;5
123100;;;BANANAS;SEASHELLS;4972.0;1
123200;;;BANANAS;SEASHELLS;4977.0;1
124000;;;BANANAS;SEASHELLS;4977.0;7
124000;;;BANANAS;SEASHELLS;4977.0;1
124000;;;BANANAS;SEASHELLS;4976.0;1
124200;;;BANANAS;SEASHELLS;4977.0;7
124900;;;BANANAS;SEASHELLS;4975.0;2
125100;;;BANANAS;SEASHELLS;4970.0;1
125200;;;BANANAS;SEASHELLS;4971.0;1
125300;;;BANANAS;SEASHELLS;4976.0;2
125400;;;BANANAS;SEASHELLS;4970.0;2
126700;;;BANANAS;SEASHELLS;4977.0;7
127300;;;BANANAS;SEASHELLS;4973.0;1
127600;;;BANANAS;SEASHELLS;4973.0;1
128000;;;BANANAS;SEASHELLS;4980.0;5
128000;;;BANANAS;SEASHELLS;4980.0;2
129200;;;BANANAS;SEASHELLS;4972.0;2
129500;;;BANANAS;SEASHELLS;4980.0;1
129700;;;BANANAS;SEASHELLS;4973.0;13
129700;;;BANANAS;SEASHELLS;4973.0;1
129800;;;BANANAS;SEASHELLS;4974.0;1
130200;;;BANANAS;SEASHELLS;4979.0;1
130300;;;BANANAS;SEASHELLS;4975.0;1
130400;;;BANANAS;SEASHELLS;4975.0;1
130500;;;BANANAS;SEASHELLS;4980.0;3
131100;;;BANANAS;SEASHELLS;4976.0;1
132000;;;BANANAS;SEASHELLS;4984.0;1
132300;;;BANANAS;SEASHELLS;4977.0;1
133400;;;BANANAS;SEASHELLS;4983.0;1
133700;;;BANANAS;SEASHELLS;4981.0;1
134200;;;BANANAS;SEASHELLS;4981.0;10
134700;;;BANANAS;SEASHELLS;4977.0;1
134700;;;BANANAS;SEASHELLS;4977.0;4
135300;;;BANANAS;SEASHELLS;4976.0;1
135400;;;BANANAS;SEASHELLS;4976.0;11
135600;;;BANANAS;SEASHELLS;4977.0;1
136500;;;BANANAS;SEASHELLS;4985.0;2
136500;;;BANANAS;SEASHELLS;4978.0;1
136900;;;BANANAS;SEASHELLS;4978.0;1
137500;;;BANANAS;SEASHELLS;4984.0;1
138100;;;BANANAS;SEASHELLS;4982.0;2
139900;;;BANANAS;SEASHELLS;4975.0;7
140000;;;BANANAS;SEASHELLS;4976.0;1
140100;;;BANANAS;SEASHELLS;4977.0;5
140700;;;BANANAS;SEASHELLS;4981.0;1
140800;;;BANANAS;SEASHELLS;4976.0;1
141100;;;BANANAS;SEASHELLS;4980.0;12
141400;;;BANANAS;SEASHELLS;4981.0;1
141600;;;BANANAS;SEASHELLS;4981.0;1
141900;;;BANANAS;SEASHELLS;4977.0;2
142400;;;BANANAS;SEASHELLS;4982.0;1
142800;;;BANANAS;SEASHELLS;4982.0;1
142900;;;BANANAS;SEASHELLS;4983.0;12
143100;;;BANANAS;SEASHELLS;4976.0;2
143200;;;BANANAS;SEASHELLS;4976.0;1
143300;;;BANANAS;SEASHELLS;4976.0;1
143800;;;BANANAS;SEASHELLS;4975.0;1
144200;;;BANANAS;SEASHELLS;4979.0;1
144800;;;BANANAS;SEASHELLS;4978.0;1
145800;;;BANANAS;SEASHELLS;4978.0;1
145900;;;BANANAS;SEASHELLS;4978.0;1
146300;;;BANANAS;SEASHELLS;4980.0;2
146900;;;BANANAS;SEASHELLS;4973.0;1
147300;;;BANANAS;SEASHELLS;4973.0;10
147400;;;BANANAS;SEASHELLS;4973.0;1
147800;;;BANANAS;SEASHELLS;4977.0;1
148000;;;BANANAS;SEASHELLS;4974.0;1
148200;;;BANANAS;SEASHELLS;4976.0;1
148500;;;BANANAS;SEASHELLS;4976.0;1
148700;;;BANANAS;SEASHELLS;4971.0;1
150000;;;BANANAS;SEASHELLS;4969.0;1
150100;;;BANANAS;SEASHELLS;4975.0;1
150300;;;BANANAS;SEASHELLS;4970.0;1
151200;;;BANANAS;SEASHELLS;4979.0;6
151400;;;BANANAS;SEASHELLS;4973.0;1
151500;;;BANANAS;SEASHELLS;4974.0;1
151900;;;BANANAS;SEASHELLS;4974.0;1
152000;;;BANANAS;SEASHELLS;4980.0;1
152100;;;BANANAS;SEASHELLS;4981.0;2
152300;;;BANANAS;SEASHELLS;4975.0;1
152500;;;BANANAS;SEASHELLS;4977.0;3
153000;;;BANANAS;SEASHELLS;4973.0;9
153500;;;BANANAS;SEASHELLS;4978.0;1
153600;;;BANANAS;SEASHELLS;4973.0;1
153900;;;BANANAS;SEASHELLS;4974.0;1
153900;;;BANANAS;SEASHELLS;4974.0;2
154700;;;BANANAS;SEASHELLS;4974.0;1
154800;;;BANANAS;SEASHELLS;4974.0;1
155600;;;BANANAS;SEASHELLS;4981.0;1
156300;;;BANANAS;SEASHELLS;4982.0;5
156600;;;BANANAS;SEASHELLS;4983.0;16
156700;;;BANANAS;SEASHELLS;4983.0;2
157400;;;BANANAS;SEASHELLS;4975.0;1
157700;;;BANANAS;SEASHELLS;4982.0;1
157900;;;BANANAS;SEASHELLS;4981.0;2
158000;;;BANANAS;SEASHELLS;4974.0;1
158300;;;BANANAS;SEASHELLS;4974.0;1
158500;;;BANANAS;SEASHELLS;4975.0;1
158900;;;BANANAS;SEASHELLS;4980.0;12
159200;;;BANANAS;SEASHELLS;4975.0;4
159200;;;BANANAS;SEASHELLS;4974.0;2
159500;;;BANANAS;SEASHELLS;4973.0;1
159900;;;BANANAS;SEASHELLS;4977.0;2
160200;;;BANANAS;SEASHELLS;4975.0;1
160300;;;BANANAS;SEASHELLS;4980.0;1
160400;;;BANANAS;SEASHELLS;4974.0;1
160700;;;BANANAS;SEASHELLS;4973.0;1
160800;;;BANANAS;SEASHELLS;4973.0;3
160900;;;BANANAS;SEASHELLS;4974.0;13
161800;;;BANANAS;SEASHELLS;4972.0;1
162000;;;BANANAS;SEASHELLS;4979.0;2
162100;;;BANANAS;SEASHELLS;4972.0;12
162300;;;BANANAS;SEASHELLS;4975.0;2
162400;;;BANANAS;SEASHELLS;4976.0;1
162700;;;BANANAS;SEASHELLS;4973.0;1
162800;;;BANANAS;SEASHELLS;4973.0;2
163100;;;BANANAS;SEASHELLS;4978.0;1
163300;;;BANANAS;SEASHELLS;4979.0;1
163800;;;BANANAS;SEASHELLS;4977.0;1
163900;;;BANANAS;SEASHELLS;4978.0;5
164700;;;BANANAS;SEASHELLS;4973.0;2
164700;;;BANANAS;SEASHELLS;4973.0;7
165700;;;BANANAS;SEASHELLS;4978.0;1
165900;;;BANANAS;SEASHELLS;4974.0;5
166300;;;BANANAS;SEASHELLS;4973.0;13
166700;;;BANANAS;SEASHELLS;4973.0;1
166700;;;BANANAS;SEASHELLS;4978.0;1
167100;;;BANANAS;SEASHELLS;4972.0;1
167100;;;BANANAS;SEASHELLS;4978.0;13
167300;;;BANANAS;SEASHELLS;4979.0;2
168200;;;BANANAS;SEASHELLS;4973.0;1
168700;;;BANANAS;SEASHELLS;4975.0;11
168700;;;BANANAS;SEASHELLS;4975.0;9
169200;;;BANANAS;SEASHELLS;4974.0;1
169600;;;BANANAS;SEASHELLS;4979.0;1
170000;;;BANANAS;SEASHELLS;4977.0;2
170000;;;BANANAS;SEASHELLS;4972.0;1
170200;;;BANANAS;SEASHELLS;4977.0;1
170600;;;BANANAS;SEASHELLS;4972.0;1
170800;;;BANANAS;SEASHELLS;4973.0;3
171100;;;BANANAS;SEASHELLS;4973.0;18
171300;;;BANANAS;SEASHELLS;4977.0;1
171700;;;BANANAS;SEASHELLS;4978.0;1
172800;;;BANANAS;SEASHELLS;4974.0;3
173600;;;BANANAS;SEASHELLS;4978.0;1
174100;;;BANANAS;SEASHELLS;4978.0;1
174900;;;BANANAS;SEASHELLS;4977.0;1
175200;;;BANANAS;SEASHELLS;4977.0;1
175500;;;BANANAS;SEASHELLS;4978.0;1
175600;;;BANANAS;SEASHELLS;4977.0;1
176000;;;BANANAS;SEASHELLS;4972.0;1
176100;;;BANANAS;SEASHELLS;4976.0;1
176500;;;BANANAS;SEASHELLS;4979.0;2
177300;;;BANANAS;SEASHELLS;4973.0;3
177500;;;BANANAS;SEASHELLS;4975.0;4
177600;;;BANANAS;SEASHELLS;4980.0;12
177900;;;BANANAS;SEASHELLS;4980.0;20
178200;;;BANANAS;SEASHELLS;4980.0;1
180000;;;BANANAS;SEASHELLS;4976.0;1
180300;;;BANANAS;SEASHELLS;4981.0;1
180500;;;BANANAS;SEASHELLS;4976.0;1
181400;;;BANANAS;SEASHELLS;4977.0;1
181800;;;BANANAS;SEASHELLS;4984.0;2
182700;;;BANANAS;SEASHELLS;4985.0;9
182800;;;BANANAS;SEASHELLS;4978.0;4
183100;;;BANANAS;SEASHELLS;4980.0;1
183400;;;BANANAS;SEASHELLS;4979.0;1
183500;;;BANANAS;SEASHELLS;4983.0;4
184200;;;BANANAS;SEASHELLS;4979.0;1
185000;;;BANANAS;SEASHELLS;4977.0;1
186000;;;BANANAS;SEASHELLS;4978.0;1
186100;;;BANANAS;SEASHELLS;4978.0;4
186500;;;BANANAS;SEASHELLS;4980.0;1
186800;;;BANANAS;SEASHELLS;4979.0;1
186900;;;BANANAS;SEASHELLS;4986.0;18
186900;;;BANANAS;SEASHELLS;4984.0;8
187300;;;BANANAS;SEASHELLS;4984.0;1
187400;;;BANANAS;SEASHELLS;4980.0;7
187400;;;BANANAS;SEASHELLS;4980.0;12
187600;;;BANANAS;SEASHELLS;4985.0;3
187700;;;BANANAS;SEASHELLS;4983.0;1
188400;;;BANANAS;SEASHELLS;4981.0;1
188500;;;BANANAS;SEASHELLS;4987.0;9
188700;;;BANANAS;SEASHELLS;4986.0;1
188900;;;BANANAS;SEASHELLS;4986.0;1
189300;;;BANANAS;SEASHELLS;4980.0;1
189400;;;BANANAS;SEASHELLS;4985.0;1
189600;;;BANANAS;SEASHELLS;4986.0;14
189700;;;BANANAS;SEASHELLS;4987.0;1
191500;;;BANANAS;SEASHELLS;4983.0;2
191600;;;BANANAS;SEASHELLS;4981.0;1
193100;;;BANANAS;SEASHELLS;4981.0;1
193600;;;BANANAS;SEASHELLS;4980.0;2
193900;;;BANANAS;SEASHELLS;4986.0;6
194600;;;BANANAS;SEASHELLS;4985.0;2
194800;;;BANANAS;SEASHELLS;4987.0;1
196000;;;BANANAS;SEASHELLS;4988.0;1
196100;;;BANANAS;SEASHELLS;4983.0;1
196400;;;BANANAS;SEASHELLS;4984.0;1
196600;;;BANANAS;SEASHELLS;4989.0;1
196700;;;BANANAS;SEASHELLS;4984.0;2
197100;;;BANANAS;SEASHELLS;4990.0;7
197300;;;BANANAS;SEASHELLS;4990.0;2
198000;;;BANANAS;SEASHELLS;4991.0;1
198100;;;BANANAS;SEASHELLS;4990.0;1
198400;;;BANANAS;SEASHELLS;4984.0;1
198900;;;BANANAS;SEASHELLS;4988.0;1
198900;;;BANANAS;SEASHELLS;4989.0;1
199000;;;BANANAS;SEASHELLS;4984.0;1
199400;;;BANANAS;SEASHELLS;4989.0;2
200200;;;BANANAS;SEASHELLS;4989.0;5
200300;;;BANANAS;SEASHELLS;4984.0;2
200500;;;BANANAS;SEASHELLS;4991.0;2
200600;;;BANANAS;SEASHELLS;4985.0;2
201000;;;BANANAS;SEASHELLS;4984.0;2
201700;;;BANANAS;SEASHELLS;4986.0;9
202100;;;BANANAS;SEASHELLS;4986.0;20
202100;;;BANANAS;SEASHELLS;4992.0;1
202400;;;BANANAS;SEASHELLS;4987.0;1
202900;;;BANANAS;SEASHELLS;4987.0;2
203300;;;BANANAS;SEASHELLS;4994.0;2
203500;;;BANANAS;SEASHELLS;4994.0;11
203900;;;BANANAS;SEASHELLS;4992.0;2
204700;;;BANANAS;SEASHELLS;4993.0;4
204900;;;BANANAS;SEASHELLS;4992.0;1
205200;;;BANANAS;SEASHELLS;4989.0;2
205300;;;BANANAS;SEASHELLS;4995.0;1
206200;;;BANANAS;SEASHELLS;4989.0;2
206400;;;BANANAS;SEASHELLS;4988.0;1
207100;;;BANANAS;SEASHELLS;4994.0;2
207200;;;BANANAS;SEASHELLS;4987.0;1
207300;;;BANANAS;SEASHELLS;4987.0;1
207300;;;BANANAS;SEASHELLS;4993.0;6
207700;;;BANANAS;SEASHELLS;4992.0;1
208000;;;BANANAS;SEASHELLS;4987.0;1
208200;;;BANANAS;SEASHELLS;4993.0;1
208400;;;BANANAS;SEASHELLS;4987.0;1
209000;;;BANANAS;SEASHELLS;4988.0;1
209300;;;BANANAS;SEASHELLS;4987.0;1
209600;;;BANANAS;SEASHELLS;4987.0;1
209900;;;BANANAS;SEASHELLS;4988.0;2
210700;;;BANANAS;SEASHELLS;4988.0;12
211000;;;BANANAS;SEASHELLS;4990.0;1
211300;;;BANANAS;SEASHELLS;4995.0;1
211400;;;BANANAS;SEASHELLS;4990.0;1
211900;;;BANANAS;SEASHELLS;4995.0;5
212500;;;BANANAS;SEASHELLS;4995.0;1
212700;;;BANANAS;SEASHELLS;4989.0;1
213200;;;BANANAS;SEASHELLS;4989.0;4
214700;;;BANANAS;SEASHELLS;4986.0;1
214800;;;BANANAS;SEASHELLS;4991.0;11
214900;;;BANANAS;SEASHELLS;4986.0;1
215100;;;BANANAS;SEASHELLS;4992.0;2
215200;;;BANANAS;SEASHELLS;4987.0;5
216300;;;BANANAS;SEASHELLS;4993.0;1
216500;;;BANANAS;SEASHELLS;4987.0;1
216700;;;BANANAS;SEASHELLS;4987.0;1
216700;;;BANANAS;SEASHELLS;4987.0;12
217100;;;BANANAS;SEASHELLS;4992.0;1
217700;;;BANANAS;SEASHELLS;4987.0;5
217900;;;BANANAS;SEASHELLS;4986.0;1
218300;;;BANANAS;SEASHELLS;4986.0;19
218400;;;BANANAS;SEASHELLS;4991.0;1
218400;;;BANANAS;SEASHELLS;4988.0;1
219600;;;BANANAS;SEASHELLS;4990.0;1
219900;;;BANANAS;SEASHELLS;4991.0;1
220100;;;BANANAS;SEASHELLS;4991.0;1
220300;;;BANANAS;SEASHELLS;4986.0;2
220800;;;BANANAS;SEASHELLS;4986.0;1
220900;;;BANANAS;SEASHELLS;4989.0;2
221500;;;BANANAS;SEASHELLS;4988.0;1
221700;;;BANANAS;SEASHELLS;4983.0;1
222500;;;BANANAS;SEASHELLS;4991.0;2
223200;;;BANANAS;SEASHELLS;4989.0;1
223400;;;BANANAS;SEASHELLS;4989.0;1
224300;;;BANANAS;SEASHELLS;4990.0;2
224500;;;BANANAS;SEASHELLS;4990.0;1
224600;;;BANANAS;SEASHELLS;4984.0;1
224900;;;BANANAS;SEASHELLS;4984.0;1
225800;;;BANANAS;SEASHELLS;4983.0;1
225900;;;BANANAS;SEASHELLS;4990.0;14
226000;;;BANANAS;SEASHELLS;4983.0;2
226100;;;BANANAS;SEASHELLS;4990.0;1
226300;;;BANANAS;SEASHELLS;4984.0;3
226700;;;BANANAS;SEASHELLS;4983.0;1
226800;;;BANANAS;SEASHELLS;4989.0;1
227600;;;BANANAS;SEASHELLS;4989.0;1
227700;;;BANANAS;SEASHELLS;4989.0;1
227800;;;BANANAS;SEASHELLS;4983.0;1
227900;;;BANANAS;SEASHELLS;4988.0;5
227900;;;BANANAS;SEASHELLS;4989.0;1
228000;;;BANANAS;SEASHELLS;4987.0;3
228800;;;BANANAS;SEASHELLS;4986.0;1
229800;;;BANANAS;SEASHELLS;4992.0;2
230400;;;BANANAS;SEASHELLS;4987.0;1
230600;;;BANANAS;SEASHELLS;4986.0;2
230600;;;BANANAS;SEASHELLS;4988.0;1
230600;;;BANANAS;SEASHELLS;4988.0;1
230700;;;BANANAS;SEASHELLS;4992.0;1
230700;;;BANANAS;SEASHELLS;4986.0;19
231100;;;BANANAS;SEASHELLS;4992.0;1
231800;;;BANANAS;SEASHELLS;4987.0;5
232100;;;BANANAS;SEASHELLS;4987.0;4
232200;;;BANANAS;SEASHELLS;4991.0;2
232500;;;BANANAS;SEASHELLS;4987.0;1
232700;;;BANANAS;SEASHELLS;4987.0;1
233100;;;BANANAS;SEASHELLS;4992.0;1
233500;;;BANANAS;SEASHELLS;4993.0;1
233700;;;BANANAS;SEASHELLS;4994.0;2
234500;;;BANANAS;SEASHELLS;4987.0;1
235400;;;BANANAS;SEASHELLS;4991.0;1
236400;;;BANANAS;SEASHELLS;4984.0;2
236500;;;BANANAS;SEASHELLS;4984.0;1
236700;;;BANANAS;SEASHELLS;4985.0;1
237000;;;BANANAS;SEASHELLS;4992.0;1
237300;;;BANANAS;SEASHELLS;4986.0;2
237500;;;BANANAS;SEASHELLS;4992.0;10
237700;;;BANANAS;SEASHELLS;4985.0;1
237900;;;BANANAS;SEASHELLS;4991.0;1
238000;;;BANANAS;SEASHELLS;4991.0;1
238000;;;BANANAS;SEASHELLS;4990.0;2
238700;;;BANANAS;SEASHELLS;4983.0;2
238900;;;BANANAS;SEASHELLS;4990.0;20
239100;;;BANANAS;SEASHELLS;4984.0;1
239200;;;BANANAS;SEASHELLS;4990.0;1
241000;;;BANANAS;SEASHELLS;4983.0;1
241200;;;BANANAS;SEASHELLS;4982.0;1
241500;;;BANANAS;SEASHELLS;4981.0;1
241700;;;BANANAS;SEASHELLS;4986.0;6
241700;;;BANANAS;SEASHELLS;4986.0;2
242200;;;BANANAS;SEASHELLS;4988.0;20
242500;;;BANANAS;SEASHELLS;4981.0;6
242600;;;BANANAS;SEASHELLS;4986.0;1
242900;;;BANANAS;SEASHELLS;4985.0;1
243100;;;BANANAS;SEASHELLS;4980.0;1
243400;;;BANANAS;SEASHELLS;4987.0;1
243600;;;BANANAS;SEASHELLS;4982.0;1
243700;;;BANANAS;SEASHELLS;4981.0;2
244700;;;BANANAS;SEASHELLS;4986.0;1
245000;;;BANANAS;SEASHELLS;4986.0;8
245100;;;BANANAS;SEASHELLS;4981.0;1
245200;;;BANANAS;SEASHELLS;4981.0;1
246500;;;BANANAS;SEASHELLS;4980.0;3
247300;;;BANANAS;SEASHELLS;4979.0;1
247600;;;BANANAS;SEASHELLS;4987.0;4
247600;;;BANANAS;SEASHELLS;4980.0;1
247700;;;BANANAS;SEASHELLS;4981.0;2
248100;;;BANANAS;SEASHELLS;4985.0;1
248300;;;BANANAS;SEASHELLS;4984.0;3
248400;;;BANANAS;SEASHELLS;4980.0;16
248400;;;BANANAS;SEASHELLS;4980.0;1
249200;;;BANANAS;SEASHELLS;4984.0;9
249400;;;BANANAS;SEASHELLS;4980.0;1
249900;;;BANANAS;SEASHELLS;4985.0;1
250300;;;BANANAS;SEASHELLS;4985.0;2
250500;;;BANANAS;SEASHELLS;4988.0;2
250600;;;BANANAS;SEASHELLS;4987.0;1
251300;;;BANANAS;SEASHELLS;4982.0;1
251500;;;BANANAS;SEASHELLS;4989.0;4
252800;;;BANANAS;SEASHELLS;4984.0;2
253400;;;BANANAS;SEASHELLS;4985.0;10
253500;;;BANANAS;SEASHELLS;4985.0;1
253700;;;BANANAS;SEASHELLS;4986.0;1
254000;;;BANANAS;SEASHELLS;4988.0;2
254000;;;BANANAS;SEASHELLS;4988.0;10
254700;;;BANANAS;SEASHELLS;4994.0;1
255000;;;BANANAS;SEASHELLS;4987.0;1
255100;;;BANANAS;SEASHELLS;4988.0;2
255400;;;BANANAS;SEASHELLS;4988.0;1
255700;;;BANANAS;SEASHELLS;4992.0;1
256000;;;BANANAS;SEASHELLS;4994.0;6
256000;;;BANANAS;SEASHELLS;4993.0;1
256000;;;BANANAS;SEASHELLS;4994.0;1
256200;;;BANANAS;SEASHELLS;4989.0;15
257100;;;BANANAS;SEASHELLS;4991.0;1
257100;;;BANANAS;SEASHELLS;4991.0;1
257300;;;BANANAS;SEASHELLS;4995.0;5
257600;;;BANANAS;SEASHELLS;4991.0;1
258200;;;BANANAS;SEASHELLS;4990.0;2
259300;;;BANANAS;SEASHELLS;4991.0;1
259500;;;BANANAS;SEASHELLS;4995.0;1
260200;;;BANANAS;SEASHELLS;4989.0;1
260300;;;BANANAS;SEASHELLS;4990.0;1
260600;;;BANANAS;SEASHELLS;4990.0;1
261000;;;BANANAS;SEASHELLS;4990.0;1
261500;;;BANANAS;SEASHELLS;4989.0;1
261800;;;BANANAS;SEASHELLS;4994.0;1
261900;;;BANANAS;SEASHELLS;4989.0;1
262200;;;BANANAS;SEASHELLS;4996.0;2
262800;;;BANANAS;SEASHELLS;4990.0;1
262900;;;BANANAS;SEASHELLS;4996.0;1
263700;;;BANANAS;SEASHELLS;4991.0;1
264500;;;BANANAS;SEASHELLS;4991.0;5
265700;;;BANANAS;SEASHELLS;4995.0;2
265700;;;BANANAS;SEASHELLS;4996.0;2
265900;;;BANANAS;SEASHELLS;4992.0;1
265900;;;BANANAS;SEASHELLS;4994.0;1
266000;;;BANANAS;SEASHELLS;4990.0;1
266300;;;BANANAS;SEASHELLS;4989.0;1
266500;;;BANANAS;SEASHELLS;4995.0;1
266800;;;BANANAS;SEASHELLS;4997.0;1
267000;;;BANANAS;SEASHELLS;4991.0;1
267900;;;BANANAS;SEASHELLS;4994.0;1
269000;;;BANANAS;SEASHELLS;4990.0;1
269000;;;BANANAS;SEASHELLS;4990.0;1
269200;;;BANANAS;SEASHELLS;4994.0;1
269800;;;BANANAS;SEASHELLS;4994.0;1
269900;;;BANANAS;SEASHELLS;4994.0;1
270000;;;BANANAS;SEASHELLS;4988.0;4
270100;;;BANANAS;SEASHELLS;4989.0;1
270300;;;BANANAS;SEASHELLS;4989.0;1
270600;;;BANANAS;SEASHELLS;4994.0;1
270700;;;BANANAS;SEASHELLS;4989.0;1
270900;;;BANANAS;SEASHELLS;4996.0;2
271200;;;BANANAS;SEASHELLS;4994.0;7
271700;;;BANANAS;SEASHELLS;4989.0;1
271900;;;BANANAS;SEASHELLS;4995.0;14
272100;;;BANANAS;SEASHELLS;4994.0;1
272200;;;BANANAS;SEASHELLS;4989.0;1
272800;;;BANANAS;SEASHELLS;4995.0;2
274200;;;BANANAS;SEASHELLS;4994.0;1
274600;;;BANANAS;SEASHELLS;4989.0;1
275000;;;BANANAS;SEASHELLS;4993.0;1
275600;;;BANANAS;SEASHELLS;4993.0;3
277000;;;BANANAS;SEASHELLS;4988.0;1
277000;;;BANANAS;SEASHELLS;4988.0;1
278100;;;BANANAS;SEASHELLS;4991.0;1
278200;;;BANANAS;SEASHELLS;4988.0;1
278700;;;BANANAS;SEASHELLS;4991.0;3
278700;;;BANANAS;SEASHELLS;4991.0;8
279200;;;BANANAS;SEASHELLS;4987.0;4
279300;;;BANANAS;SEASHELLS;4986.0;1
279400;;;BANANAS;SEASHELLS;4985.0;2
279900;;;BANANAS;SEASHELLS;4985.0;2
280200;;;BANANAS;SEASHELLS;4992.0;13
280400;;;BANANAS;SEASHELLS;4992.0;2
282200;;;BANANAS;SEASHELLS;4984.0;1
283300;;;BANANAS;SEASHELLS;4992.0;2
284200;;;BANANAS;SEASHELLS;4992.0;10
284500;;;BANANAS;SEASHELLS;4985.0;2
285100;;;BANANAS;SEASHELLS;4986.0;1
285300;;;BANANAS;SEASHELLS;4986.0;1
286000;;;BANANAS;SEASHELLS;4991.0;2
288100;;;BANANAS;SEASHELLS;4984.0;1
288600;;;BANANAS;SEASHELLS;4984.0;1
288900;;;BANANAS;SEASHELLS;4988.0;1
288900;;;BANANAS;SEASHELLS;4989.0;1
289400;;;BANANAS;SEASHELLS;4989.0;1
289400;;;BANANAS;SEASHELLS;4984.0;7
289700;;;BANANAS;SEASHELLS;4984.0;5
290200;;;BANANAS;SEASHELLS;4988.0;1
290300;;;BANANAS;SEASHELLS;4990.0;1
291400;;;BANANAS;SEASHELLS;4986.0;1
291700;;;BANANAS;SEASHELLS;4987.0;1
292300;;;BANANAS;SEASHELLS;4988.0;2
292600;;;BANANAS;SEASHELLS;4995.0;6
292600;;;BANANAS;SEASHELLS;4995.0;1
292800;;;BANANAS;SEASHELLS;4989.0;1
293000;;;BANANAS;SEASHELLS;4995.0;16
293000;;;BANANAS;SEASHELLS;4988.0;1
293100;;;BANANAS;SEASHELLS;4989.0;1
293400;;;BANANAS;SEASHELLS;4988.0;1
293400;;;BANANAS;SEASHELLS;4989.0;5
293600;;;BANANAS;SEASHELLS;4988.0;1
294000;;;BANANAS;SEASHELLS;4988.0;9
294200;;;BANANAS;SEASHELLS;4988.0;1
294200;;;BANANAS;SEASHELLS;4988.0;4
294300;;;BANANAS;SEASHELLS;4993.0;11
294900;;;BANANAS;SEASHELLS;4988.0;1
295300;;;BANANAS;SEASHELLS;4989.0;1
295700;;;BANANAS;SEASHELLS;4995.0;2
295800;;;BANANAS;SEASHELLS;4988.0;1
296100;;;BANANAS;SEASHELLS;4990.0;1
296300;;;BANANAS;SEASHELLS;4993.0;1
296700;;;BANANAS;SEASHELLS;4992.0;8
297000;;;BANANAS;SEASHELLS;4988.0;2
297100;;;BANANAS;SEASHELLS;4992.0;1
297400;;;BANANAS;SEASHELLS;4994.0;2
297400;;;BANANAS;SEASHELLS;4987.0;1
297400;;;BANANAS;SEASHELLS;4993.0;1
298100;;;BANANAS;SEASHELLS;4990.0;2
298600;;;BANANAS;SEASHELLS;4990.0;1
298800;;;BANANAS;SEASHELLS;4996.0;1
298900;;;BANANAS;SEASHELLS;4996.0;1
299600;;;BANANAS;SEASHELLS;4996.0;1
299700;;;BANANAS;SEASHELLS;4996.0;1
300700;;;BANANAS;SEASHELLS;4992.0;6
300800;;;BANANAS;SEASHELLS;4999.0;1
301100;;;BANANAS;SEASHELLS;4993.0;1
301400;;;BANANAS;SEASHELLS;4998.0;2
301900;;;BANANAS;SEASHELLS;4996.0;8
301900;;;BANANAS;SEASHELLS;4998.0;20
302100;;;BANANAS;SEASHELLS;4996.0;1
302100;;;BANANAS;SEASHELLS;4997.0;1
302900;;;BANANAS;SEASHELLS;4990.0;1
303100;;;BANANAS;SEASHELLS;4990.0;1
303100;;;BANANAS;SEASHELLS;4997.0;2
303400;;;BANANAS;SEASHELLS;4991.0;5
303600;;;BANANAS;SEASHELLS;4991.0;1
303900;;;BANANAS;SEASHELLS;4991.0;17
304100;;;BANANAS;SEASHELLS;4992.0;5
305600;;;BANANAS;SEASHELLS;4996.0;12
306000;;;BANANAS;SEASHELLS;4989.0;1
307500;;;BANANAS;SEASHELLS;4989.0;1
307900;;;BANANAS;SEASHELLS;4997.0;1
308200;;;BANANAS;SEASHELLS;4990.0;1
308300;;;BANANAS;SEASHELLS;4990.0;1
308500;;;BANANAS;SEASHELLS;4991.0;1
308600;;;BANANAS;SEASHELLS;4992.0;5
308600;;;BANANAS;SEASHELLS;4991.0;1
309200;;;BANANAS;SEASHELLS;4991.0;1
309600;;;BANANAS;SEASHELLS;4991.0;2
310800;;;BANANAS;SEASHELLS;4994.0;1
311100;;;BANANAS;SEASHELLS;4988.0;1
311700;;;BANANAS;SEASHELLS;4988.0;2
312300;;;BANANAS;SEASHELLS;4990.0;2
312500;;;BANANAS;SEASHELLS;4995.0;1
313100;;;BANANAS;SEASHELLS;4990.0;1
313200;;;BANANAS;SEASHELLS;4990.0;1
314200;;;BANANAS;SEASHELLS;4994.0;1
314700;;;BANANAS;SEASHELLS;4992.0;2
315800;;;BANANAS;SEASHELLS;4998.0;1
315800;;;BANANAS;SEASHELLS;4999.0;1
316000;;;BANANAS;SEASHELLS;4993.0;2
316200;;;BANANAS;SEASHELLS;4999.0;2
316600;;;BANANAS;SEASHELLS;5000.0;1
316800;;;BANANAS;SEASHELLS;4994.0;1
316900;;;BANANAS;SEASHELLS;4999.0;1
317400;;;BANANAS;SEASHELLS;4993.0;1
317600;;;BANANAS;SEASHELLS;4994.0;5
318400;;;BANANAS;SEASHELLS;4997.0;15
318700;;;BANANAS;SEASHELLS;4996.0;1
319000;;;BANANAS;SEASHELLS;4998.0;4
319500;;;BANANAS;SEASHELLS;4992.0;1
320200;;;BANANAS;SEASHELLS;4991.0;6
320300;;;BANANAS;SEASHELLS;4997.0;1
320500;;;BANANAS;SEASHELLS;4991.0;1
321100;;;BANANAS;SEASHELLS;4992.0;9
321100;;;BANANAS;SEASHELLS;4992.0;1
321300;;;BANANAS;SEASHELLS;4998.0;2
321600;;;BANANAS;SEASHELLS;4993.0;1
321800;;;BANANAS;SEASHELLS;4993.0;1
321900;;;BANANAS;SEASHELLS;4993.0;1
322000;;;BANANAS;SEASHELLS;4994.0;1
322100;;;BANANAS;SEASHELLS;4994.0;1
322500;;;BANANAS;SEASHELLS;4994.0;1
322900;;;BANANAS;SEASHELLS;4993.0;1
324100;;;BANANAS;SEASHELLS;4995.0;2
324300;;;BANANAS;SEASHELLS;4997.0;1
324500;;;BANANAS;SEASHELLS;4993.0;2
325100;;;BANANAS;SEASHELLS;4992.0;1
325500;;;BANANAS;SEASHELLS;4993.0;1
325500;;;BANANAS;SEASHELLS;4993.0;4
325900;;;BANANAS;SEASHELLS;4998.0;2
326200;;;BANANAS;SEASHELLS;4991.0;1
326300;;;BANANAS;SEASHELLS;4991.0;1
326400;;;BANANAS;SEASHELLS;4996.0;1
326600;;;BANANAS;SEASHELLS;4992.0;3
326600;;;BANANAS;SEASHELLS;4992.0;1
326900;;;BANANAS;SEASHELLS;4992.0;1
327400;;;BANANAS;SEASHELLS;4995.0;8
327500;;;BANANAS;SEASHELLS;4995.0;8
327500;;;BANANAS;SEASHELLS;4995.0;9
327700;;;BANANAS;SEASHELLS;4991.0;1
327800;;;BANANAS;SEASHELLS;4993.0;1
328400;;;BANANAS;SEASHELLS;4991.0;1
328600;;;BANANAS;SEASHELLS;4997.0;1
329000;;;BANANAS;SEASHELLS;4997.0;1
330400;;;BANANAS;SEASHELLS;4993.0;1
331000;;;BANANAS;SEASHELLS;4994.0;1
331300;;;BANANAS;SEASHELLS;4992.0;1
331800;;;BANANAS;SEASHELLS;4992.0;1
332000;;;BANANAS;SEASHELLS;4995.0;3
332300;;;BANANAS;SEASHELLS;5000.0;20
332800;;;BANANAS;SEASHELLS;5000.0;11
333100;;;BANANAS;SEASHELLS;4999.0;2
333300;;;BANANAS;SEASHELLS;4993.0;1
333900;;;BANANAS;SEASHELLS;4997.0;3
334100;;;BANANAS;SEASHELLS;4993.0;1
334300;;;BANANAS;SEASHELLS;4994.0;1
334500;;;BANANAS;SEASHELLS;4993.0;1
334800;;;BANANAS;SEASHELLS;4996.0;2
335000;;;BANANAS;SEASHELLS;4999.0;1
335200;;;BANANAS;SEASHELLS;4996.0;1
335400;;;BANANAS;SEASHELLS;4999.0;9
336200;;;BANANAS;SEASHELLS;5003.0;1
336400;;;BANANAS;SEASHELLS;5006.0;1
336600;;;BANANAS;SEASHELLS;5000.0;17
336600;;;BANANAS;SEASHELLS;5001.0;2
336700;;;BANANAS;SEASHELLS;5000.0;1
337200;;;BANANAS;SEASHELLS;5001.0;2
337400;;;BANANAS;SEASHELLS;5002.0;2
337600;;;BANANAS;SEASHELLS;5001.0;1
337900;;;BANANAS;SEASHELLS;5000.0;1
338300;;;BANANAS;SEASHELLS;5005.0;1
338300;;;BANANAS;SEASHELLS;4999.0;1
338600;;;BANANAS;SEASHELLS;5003.0;1
339600;;;BANANAS;SEASHELLS;5002.0;1
340100;;;BANANAS;SEASHELLS;5002.0;1
340500;;;BANANAS;SEASHELLS;5002.0;1
341300;;;BANANAS;SEASHELLS;5001.0;1
341400;;;BANANAS;SEASHELLS;4996.0;1
342100;;;BANANAS;SEASHELLS;4996.0;1
342300;;;BANANAS;SEASHELLS;4995.0;1
342900;;;BANANAS;SEASHELLS;4998.0;2
342900;;;BANANAS;SEASHELLS;4998.0;2
343500;;;BANANAS;SEASHELLS;4997.0;1
343700;;;BANANAS;SEASHELLS;4997.0;1
344100;;;BANANAS;SEASHELLS;5000.0;1
344600;;;BANANAS;SEASHELLS;4996.0;2
344800;;;BANANAS;SEASHELLS;5001.0;1
345000;;;BANANAS;SEASHELLS;4995.0;8
345100;;;BANANAS;SEASHELLS;4995.0;1
345900;;;BANANAS;SEASHELLS;4996.0;1
347300;;;BANANAS;SEASHELLS;4996.0;1
347500;;;BANANAS;SEASHELLS;4999.0;2
347800;;;BANANAS;SEASHELLS;4993.0;1
348300;;;BANANAS;SEASHELLS;4994.0;2
348600;;;BANANAS;SEASHELLS;5000.0;11
348800;;;BANANAS;SEASHELLS;4994.0;1
349000;;;BANANAS;SEASHELLS;4993.0;1
349100;;;BANANAS;SEASHELLS;4997.0;1
349200;;;BANANAS;SEASHELLS;4993.0;1
349400;;;BANANAS;SEASHELLS;4999.0;1
349500;;;BANANAS;SEASHELLS;4999.0;1
349600;;;BANANAS;SEASHELLS;4993.0;1
349900;;;BANANAS;SEASHELLS;5000.0;1
350100;;;BANANAS;SEASHELLS;4999.0;12
350400;;;BANANAS;SEASHELLS;4995.0;1
350800;;;BANANAS;SEASHELLS;4994.0;2
350800;;;BANANAS;SEASHELLS;4995.0;1
351000;;;BANANAS;SEASHELLS;4999.0;1
351400;;;BANANAS;SEASHELLS;5001.0;2
351500;;;BANANAS;SEASHELLS;4994.0;1
351800;;;BANANAS;SEASHELLS;4999.0;2
351800;;;BANANAS;SEASHELLS;4999.0;7
352800;;;BANANAS;SEASHELLS;4992.0;1
352900;;;BANANAS;SEASHELLS;4997.0;1
353100;;;BANANAS;SEASHELLS;4992.0;1
353200;;;BANANAS;SEASHELLS;4992.0;20
353600;;;BANANAS;SEASHELLS;4993.0;2
354100;;;BANANAS;SEASHELLS;4998.0;12
354200;;;BANANAS;SEASHELLS;4997.0;1
354300;;;BANANAS;SEASHELLS;4998.0;1
354700;;;BANANAS;SEASHELLS;4998.0;1
354800;;;BANANAS;SEASHELLS;4994.0;3
355100;;;BANANAS;SEASHELLS;4992.0;2
355300;;;BANANAS;SEASHELLS;4997.0;1
356100;;;BANANAS;SEASHELLS;4993.0;1
357200;;;BANANAS;SEASHELLS;4990.0;1
358300;;;BANANAS;SEASHELLS;4988.0;1
358500;;;BANANAS;SEASHELLS;4987.0;1
358600;;;BANANAS;SEASHELLS;4986.0;1
359200;;;BANANAS;SEASHELLS;4991.0;1
359200;;;BANANAS;SEASHELLS;4991.0;2
359200;;;BANANAS;SEASHELLS;4991.0;0
359200;;;BANANAS;SEASHELLS;4991.0;6
359400;;;BANANAS;SEASHELLS;4993.0;8
359800;;;BANANAS;SEASHELLS;4987.0;1
359900;;;BANANAS;SEASHELLS;4986.0;1
360600;;;BANANAS;SEASHELLS;4990.0;1
360700;;;BANANAS;SEASHELLS;4990.0;4
360800;;;BANANAS;SEASHELLS;4991.0;8
361300;;;BANANAS;SEASHELLS;4985.0;2
361700;;;BANANAS;SEASHELLS;4990.0;1
362200;;;BANANAS;SEASHELLS;4985.0;2
362900;;;BANANAS;SEASHELLS;4991.0;1
363300;;;BANANAS;SEASHELLS;4990.0;1
364100;;;BANANAS;SEASHELLS;4990.0;1
364600;;;BANANAS;SEASHELLS;4990.0;1
365000;;;BANANAS;SEASHELLS;4986.0;1
365300;;;BANANAS;SEASHELLS;4992.0;12
365300;;;BANANAS;SEASHELLS;4991.0;1
365500;;;BANANAS;SEASHELLS;4992.0;13
365900;;;BANANAS;SEASHELLS;4992.0;1
366700;;;BANANAS;SEASHELLS;4986.0;1
367000;;;BANANAS;SEASHELLS;4987.0;1
367100;;;BANANAS;SEASHELLS;4987.0;1
367100;;;BANANAS;SEASHELLS;4993.0;16
367300;;;BANANAS;SEASHELLS;4986.0;1
367900;;;BANANAS;SEASHELLS;4988.0;1
368000;;;BANANAS;SEASHELLS;4993.0;2
368100;;;BANANAS;SEASHELLS;4991.0;1
368300;;;BANANAS;SEASHELLS;4988.0;3
368700;;;BANANAS;SEASHELLS;4986.0;1
368800;;;BANANAS;SEASHELLS;4993.0;1
369100;;;BANANAS;SEASHELLS;4992.0;1
369300;;;BANANAS;SEASHELLS;4986.0;1
369400;;;BANANAS;SEASHELLS;4986.0;6
369400;;;BANANAS;SEASHELLS;4986.0;2
369900;;;BANANAS;SEASHELLS;4991.0;1
370300;;;BANANAS;SEASHELLS;4985.0;13
370600;;;BANANAS;SEASHELLS;4990.0;1
370900;;;BANANAS;SEASHELLS;4986.0;1
370900;;;BANANAS;SEASHELLS;4986.0;2
371300;;;BANANAS;SEASHELLS;4991.0;1
372600;;;BANANAS;SEASHELLS;4985.0;1
372700;;;BANANAS;SEASHELLS;4992.0;2
372900;;;BANANAS;SEASHELLS;4985.0;1
373500;;;BANANAS;SEASHELLS;4984.0;1
373800;;;BANANAS;SEASHELLS;4990.0;1
374300;;;BANANAS;SEASHELLS;4985.0;1
374500;;;BANANAS;SEASHELLS;4984.0;20
374700;;;BANANAS;SEASHELLS;4985.0;5
375200;;;BANANAS;SEASHELLS;4984.0;1
375400;;;BANANAS;SEASHELLS;4984.0;16
375500;;;BANANAS;SEASHELLS;4984.0;1
375900;;;BANANAS;SEASHELLS;4989.0;1
376000;;;BANANAS;SEASHELLS;4990.0;1
376100;;;BANANAS;SEASHELLS;4990.0;1
376300;;;BANANAS;SEASHELLS;4990.0;2
376900;;;BANANAS;SEASHELLS;4988.0;1
376900;;;BANANAS;SEASHELLS;4988.0;11
378000;;;BANANAS;SEASHELLS;4984.0;1
379200;;;BANANAS;SEASHELLS;4982.0;1
379300;;;BANANAS;SEASHELLS;4982.0;1
379400;;;BANANAS;SEASHELLS;4982.0;1
379600;;;BANANAS;SEASHELLS;4987.0;1
379700;;;BANANAS;SEASHELLS;4981.0;2
379800;;;BANANAS;SEASHELLS;4985.0;1
380400;;;BANANAS;SEASHELLS;4980.0;1
380700;;;BANANAS;SEASHELLS;4985.0;1
381000;;;BANANAS;SEASHELLS;4980.0;2
381200;;;BANANAS;SEASHELLS;4985.0;1
381200;;;BANANAS;SEASHELLS;4985.0;1
381500;;;BANANAS;SEASHELLS;4984.0;1
382100;;;BANANAS;SEASHELLS;4986.0;10
382200;;;BANANAS;SEASHELLS;4983.0;1
382500;;;BANANAS;SEASHELLS;4977.0;1
382600;;;BANANAS;SEASHELLS;4978.0;1
383200;;;BANANAS;SEASHELLS;4983.0;3
383200;;;BANANAS;SEASHELLS;4983.0;1
383300;;;BANANAS;SEASHELLS;4984.0;1
383600;;;BANANAS;SEASHELLS;4980.0;1
383800;;;BANANAS;SEASHELLS;4981.0;1
384200;;;BANANAS;SEASHELLS;4982.0;2
384400;;;BANANAS;SEASHELLS;4984.0;2
384500;;;BANANAS;SEASHELLS;4987.0;1
385400;;;BANANAS;SEASHELLS;4983.0;1
386000;;;BANANAS;SEASHELLS;4988.0;1
386500;;;BANANAS;SEASHELLS;4987.0;1
386600;;;BANANAS;SEASHELLS;4982.0;1
387000;;;BANANAS;SEASHELLS;4985.0;3
387300;;;BANANAS;SEASHELLS;4980.0;10
387600;;;BANANAS;SEASHELLS;4981.0;1
387700;;;BANANAS;SEASHELLS;4981.0;2
387700;;;BANANAS;SEASHELLS;4986.0;1
387900;;;BANANAS;SEASHELLS;4987.0;1
389000;;;BANANAS;SEASHELLS;4982.0;2
389500;;;BANANAS;SEASHELLS;4981.0;1
390100;;;BANANAS;SEASHELLS;4987.0;1
390200;;;BANANAS;SEASHELLS;4983.0;1
390400;;;BANANAS;SEASHELLS;4982.0;1
390400;;;BANANAS;SEASHELLS;4982.0;20
390400;;;BANANAS;SEASHELLS;0.0;2
390500;;;BANANAS;SEASHELLS;4988.0;1
391000;;;BANANAS;SEASHELLS;4988.0;1
391100;;;BANANAS;SEASHELLS;4983.0;15
392000;;;BANANAS;SEASHELLS;4984.0;2
392000;;;BANANAS;SEASHELLS;4987.0;1
392100;;;BANANAS;SEASHELLS;4982.0;1
392500;;;BANANAS;SEASHELLS;4989.0;8
393300;;;BANANAS;SEASHELLS;4980.0;1
393800;;;BANANAS;SEASHELLS;4985.0;1
394100;;;BANANAS;SEASHELLS;4986.0;2
394200;;;BANANAS;SEASHELLS;4980.0;18
394500;;;BANANAS;SEASHELLS;4979.0;1
394700;;;BANANAS;SEASHELLS;4986.0;1
396300;;;BANANAS;SEASHELLS;4986.0;7
396600;;;BANANAS;SEASHELLS;4985.0;1
396700;;;BANANAS;SEASHELLS;4980.0;2
396900;;;BANANAS;SEASHELLS;4984.0;4
397000;;;BANANAS;SEASHELLS;4985.0;1
397100;;;BANANAS;SEASHELLS;4979.0;1
397100;;;BANANAS;SEASHELLS;4979.0;6
397200;;;BANANAS;SEASHELLS;4978.0;1
397200;;;BANANAS;SEASHELLS;4978.0;10
397600;;;BANANAS;SEASHELLS;4978.0;5
398000;;;BANANAS;SEASHELLS;4982.0;1
398200;;;BANANAS;SEASHELLS;4984.0;12
398300;;;BANANAS;SEASHELLS;4978.0;1
398500;;;BANANAS;SEASHELLS;4983.0;1
398800;;;BANANAS;SEASHELLS;4978.0;1
400000;;;BANANAS;SEASHELLS;4984.0;12
400200;;;BANANAS;SEASHELLS;4978.0;1
400400;;;BANANAS;SEASHELLS;4980.0;1
400600;;;BANANAS;SEASHELLS;4986.0;2
400800;;;BANANAS;SEASHELLS;4979.0;1
401600;;;BANANAS;SEASHELLS;4987.0;9
402500;;;BANANAS;SEASHELLS;4987.0;1
402600;;;BANANAS;SEASHELLS;4982.0;1
402900;;;BANANAS;SEASHELLS;4989.0;2
402900;;;BANANAS;SEASHELLS;4989.0;19
402900;;;BANANAS;SEASHELLS;4989.0;6
403800;;;BANANAS;SEASHELLS;4982.0;1
403900;;;BANANAS;SEASHELLS;4986.0;1
404900;;;BANANAS;SEASHELLS;4981.0;2
405100;;;BANANAS;SEASHELLS;4980.0;1
406600;;;BANANAS;SEASHELLS;4985.0;2
407500;;;BANANAS;SEASHELLS;4987.0;1
407500;;;BANANAS;SEASHELLS;4986.0;1
407900;;;BANANAS;SEASHELLS;4987.0;1
409200;;;BANANAS;SEASHELLS;4983.0;1
410800;;;BANANAS;SEASHELLS;4983.0;1
411000;;;BANANAS;SEASHELLS;4984.0;1
413100;;;BANANAS;SEASHELLS;4982.0;2
413600;;;BANANAS;SEASHELLS;4982.0;1
414000;;;BANANAS;SEASHELLS;4987.0;1
414400;;;BANANAS;SEASHELLS;4980.0;1
414900;;;BANANAS;SEASHELLS;4987.0;8
415100;;;BANANAS;SEASHELLS;4986.0;1
416800;;;BANANAS;SEASHELLS;4989.0;1
417200;;;BANANAS;SEASHELLS;4982.0;10
417800;;;BANANAS;SEASHELLS;4981.0;1
418100;;;BANANAS;SEASHELLS;4981.0;1
418200;;;BANANAS;SEASHELLS;4981.0;1
418200;;;BANANAS;SEASHELLS;4985.0;2
418300;;;BANANAS;SEASHELLS;4981.0;1
418700;;;BANANAS;SEASHELLS;4987.0;2
418700;;;BANANAS;SEASHELLS;4984.0;6
418800;;;BANANAS;SEASHELLS;4988.0;1
419000;;;BANANAS;SEASHELLS;4987.0;1
419400;;;BANANAS;SEASHELLS;4985.0;3
420100;;;BANANAS;SEASHELLS;4989.0;1
420500;;;BANANAS;SEASHELLS;4989.0;1
420600;;;BANANAS;SEASHELLS;4984.0;1
421600;;;BANANAS;SEASHELLS;4990.0;1
421700;;;BANANAS;SEASHELLS;4988.0;3
421800;;;BANANAS;SEASHELLS;4984.0;1
422000;;;BANANAS;SEASHELLS;4985.0;1
422100;;;BANANAS;SEASHELLS;4991.0;3
422200;;;BANANAS;SEASHELLS;4985.0;1
422500;;;BANANAS;SEASHELLS;4986.0;2
423200;;;BANANAS;SEASHELLS;4992.0;1
423900;;;BANANAS;SEASHELLS;4994.0;9
424300;;;BANANAS;SEASHELLS;4987.0;1
424600;;;BANANAS;SEASHELLS;4992.0;1
425000;;;BANANAS;SEASHELLS;4991.0;1
425000;;;BANANAS;SEASHELLS;4991.0;1
425100;;;BANANAS;SEASHELLS;4991.0;1
425600;;;BANANAS;SEASHELLS;4986.0;2
425900;;;BANANAS;SEASHELLS;4986.0;1
426800;;;BANANAS;SEASHELLS;4987.0;1
427700;;;BANANAS;SEASHELLS;4992.0;9
427800;;;BANANAS;SEASHELLS;4986.0;2
428100;;;BANANAS;SEASHELLS;4992.0;2
428200;;;BANANAS;SEASHELLS;4985.0;1
428300;;;BANANAS;SEASHELLS;4985.0;1
428400;;;BANANAS;SEASHELLS;4985.0;1
428900;;;BANANAS;SEASHELLS;4989.0;1
429300;;;BANANAS;SEASHELLS;4989.0;1
429900;;;BANANAS;SEASHELLS;4987.0;3
430300;;;BANANAS;SEASHELLS;4984.0;4
431000;;;BANANAS;SEASHELLS;4982.0;1
431500;;;BANANAS;SEASHELLS;4982.0;1
431900;;;BANANAS;SEASHELLS;4981.0;1
432200;;;BANANAS;SEASHELLS;4982.0;1
432200;;;BANANAS;SEASHELLS;4982.0;12
432400;;;BANANAS;SEASHELLS;4983.0;1
432600;;;BANANAS;SEASHELLS;4981.0;14
433200;;;BANANAS;SEASHELLS;4987.0;1
433400;;;BANANAS;SEASHELLS;4988.0;1
433900;;;BANANAS;SEASHELLS;4983.0;5
434200;;;BANANAS;SEASHELLS;4983.0;1
434200;;;BANANAS;SEASHELLS;4988.0;11
434500;;;BANANAS;SEASHELLS;4988.0;1
434800;;;BANANAS;SEASHELLS;4985.0;5
435200;;;BANANAS;SEASHELLS;4988.0;1
435700;;;BANANAS;SEASHELLS;4983.0;3
436300;;;BANANAS;SEASHELLS;4986.0;1
436400;;;BANANAS;SEASHELLS;4986.0;1
436600;;;BANANAS;SEASHELLS;4981.0;1
437200;;;BANANAS;SEASHELLS;4985.0;1
437900;;;BANANAS;SEASHELLS;4980.0;1
438400;;;BANANAS;SEASHELLS;4987.0;1
439200;;;BANANAS;SEASHELLS;4988.0;11
439200;;;BANANAS;SEASHELLS;4988.0;1
439300;;;BANANAS;SEASHELLS;4982.0;1
439400;;;BANANAS;SEASHELLS;4982.0;1
439500;;;BANANAS;SEASHELLS;4983.0;2
440100;;;BANANAS;SEASHELLS;4988.0;1
440300;;;BANANAS;SEASHELLS;4987.0;1
440600;;;BANANAS;SEASHELLS;4982.0;1
440700;;;BANANAS;SEASHELLS;4987.0;1
440900;;;BANANAS;SEASHELLS;4982.0;1
441200;;;BANANAS;SEASHELLS;4983.0;2
441300;;;BANANAS;SEASHELLS;4990.0;2
441700;;;BANANAS;SEASHELLS;4983.0;4
441700;;;BANANAS;SEASHELLS;4983.0;6
441700;;;BANANAS;SEASHELLS;4983.0;2
441900;;;BANANAS;SEASHELLS;4987.0;3
442100;;;BANANAS;SEASHELLS;4983.0;1
442300;;;BANANAS;SEASHELLS;4987.0;1
442400;;;BANANAS;SEASHELLS;4982.0;1
443500;;;BANANAS;SEASHELLS;4983.0;1
444000;;;BANANAS;SEASHELLS;4986.0;1
444100;;;BANANAS;SEASHELLS;4981.0;2
444300;;;BANANAS;SEASHELLS;4987.0;2
444400;;;BANANAS;SEASHELLS;4981.0;1
444500;;;BANANAS;SEASHELLS;4981.0;1
444800;;;BANANAS;SEASHELLS;4981.0;7
444900;;;BANANAS;SEASHELLS;4981.0;1
445100;;;BANANAS;SEASHELLS;4982.0;2
445400;;;BANANAS;SEASHELLS;4981.0;12
445400;;;BANANAS;SEASHELLS;4986.0;1
447400;;;BANANAS;SEASHELLS;4988.0;5
447400;;;BANANAS;SEASHELLS;4981.0;1
447700;;;BANANAS;SEASHELLS;4987.0;1
448300;;;BANANAS;SEASHELLS;4986.0;1
448500;;;BANANAS;SEASHELLS;4987.0;2
448900;;;BANANAS;SEASHELLS;4981.0;1
450000;;;BANANAS;SEASHELLS;4984.0;2
450000;;;BANANAS;SEASHELLS;4984.0;1
450100;;;BANANAS;SEASHELLS;4983.0;2
450400;;;BANANAS;SEASHELLS;4987.0;1
450500;;;BANANAS;SEASHELLS;4983.0;1
451000;;;BANANAS;SEASHELLS;4983.0;1
451300;;;BANANAS;SEASHELLS;4988.0;1
451500;;;BANANAS;SEASHELLS;4989.0;12
452300;;;BANANAS;SEASHELLS;4983.0;1
452600;;;BANANAS;SEASHELLS;4984.0;1
453100;;;BANANAS;SEASHELLS;4985.0;2
454500;;;BANANAS;SEASHELLS;4983.0;1
454800;;;BANANAS;SEASHELLS;4990.0;2
455100;;;BANANAS;SEASHELLS;4985.0;1
455500;;;BANANAS;SEASHELLS;4985.0;1
455600;;;BANANAS;SEASHELLS;4984.0;1
455800;;;BANANAS;SEASHELLS;4990.0;2
456100;;;BANANAS;SEASHELLS;4983.0;1
456800;;;BANANAS;SEASHELLS;4987.0;3
457200;;;BANANAS;SEASHELLS;4985.0;8
458600;;;BANANAS;SEASHELLS;4985.0;1
459200;;;BANANAS;SEASHELLS;4990.0;1
459300;;;BANANAS;SEASHELLS;4986.0;1
460500;;;BANANAS;SEASHELLS;4984.0;2
460600;;;BANANAS;SEASHELLS;4985.0;2
461100;;;BANANAS;SEASHELLS;4984.0;1
461300;;;BANANAS;SEASHELLS;4988.0;1
462600;;;BANANAS;SEASHELLS;4984.0;1
463700;;;BANANAS;SEASHELLS;4991.0;1
463800;;;BANANAS;SEASHELLS;4992.0;1
463900;;;BANANAS;SEASHELLS;4988.0;2
464100;;;BANANAS;SEASHELLS;4987.0;1
464500;;;BANANAS;SEASHELLS;4987.0;1
465000;;;BANANAS;SEASHELLS;4985.0;1
465200;;;BANANAS;SEASHELLS;4991.0;2
465500;;;BANANAS;SEASHELLS;4989.0;1
466200;;;BANANAS;SEASHELLS;4983.0;2
466300;;;BANANAS;SEASHELLS;4984.0;7
466800;;;BANANAS;SEASHELLS;4983.0;1
467100;;;BANANAS;SEASHELLS;4985.0;4
467100;;;BANANAS;SEASHELLS;4988.0;1
468000;;;BANANAS;SEASHELLS;4981.0;1
468500;;;BANANAS;SEASHELLS;4985.0;1
469100;;;BANANAS;SEASHELLS;4986.0;2
469300;;;BANANAS;SEASHELLS;4980.0;5
469500;;;BANANAS;SEASHELLS;4986.0;2
469500;;;BANANAS;SEASHELLS;4986.0;2
469600;;;BANANAS;SEASHELLS;4986.0;2
469600;;;BANANAS;SEASHELLS;4985.0;1
470100;;;BANANAS;SEASHELLS;4982.0;1
470500;;;BANANAS;SEASHELLS;4987.0;1
470800;;;BANANAS;SEASHELLS;4988.0;2
471600;;;BANANAS;SEASHELLS;4980.0;1
471600;;;BANANAS;SEASHELLS;4987.0;1
472000;;;BANANAS;SEASHELLS;4980.0;1
472100;;;BANANAS;SEASHELLS;4987.0;2
472200;;;BANANAS;SEASHELLS;4981.0;4
472400;;;BANANAS;SEASHELLS;4985.0;1
472900;;;BANANAS;SEASHELLS;4985.0;1
472900;;;BANANAS;SEASHELLS;4985.0;2
473400;;;BANANAS;SEASHELLS;4985.0;4
473500;;;BANANAS;SEASHELLS;4986.0;1
473600;;;BANANAS;SEASHELLS;4982.0;3
473700;;;BANANAS;SEASHELLS;4981.0;1
474000;;;BANANAS;SEASHELLS;4986.0;1
474300;;;BANANAS;SEASHELLS;4981.0;6
474300;;;BANANAS;SEASHELLS;4981.0;1
474500;;;BANANAS;SEASHELLS;4986.0;1
474800;;;BANANAS;SEASHELLS;4982.0;2
474900;;;BANANAS;SEASHELLS;4981.0;1
475100;;;BANANAS;SEASHELLS;4982.0;4
475100;;;BANANAS;SEASHELLS;4985.0;1
475300;;;BANANAS;SEASHELLS;4982.0;5
475500;;;BANANAS;SEASHELLS;4985.0;1
476100;;;BANANAS;SEASHELLS;4981.0;1
476200;;;BANANAS;SEASHELLS;4982.0;2
476300;;;BANANAS;SEASHELLS;4981.0;1
476800;;;BANANAS;SEASHELLS;4982.0;2
476800;;;BANANAS;SEASHELLS;4982.0;11
477000;;;BANANAS;SEASHELLS;4986.0;1
477100;;;BANANAS;SEASHELLS;4981.0;4
477100;;;BANANAS;SEASHELLS;4981.0;1
477500;;;BANANAS;SEASHELLS;4981.0;2
477900;;;BANANAS;SEASHELLS;4980.0;2
478200;;;BANANAS;SEASHELLS;4985.0;1
478400;;;BANANAS;SEASHELLS;4981.0;1
478900;;;BANANAS;SEASHELLS;4980.0;1
479800;;;BANANAS;SEASHELLS;4985.0;1
480300;;;BANANAS;SEASHELLS;4979.0;10
480300;;;BANANAS;SEASHELLS;4984.0;1
480700;;;BANANAS;SEASHELLS;4979.0;1
480800;;;BANANAS;SEASHELLS;4986.0;2
481300;;;BANANAS;SEASHELLS;4980.0;1
482300;;;BANANAS;SEASHELLS;4980.0;1
482500;;;BANANAS;SEASHELLS;4982.0;2
482800;;;BANANAS;SEASHELLS;4984.0;1
482800;;;BANANAS;SEASHELLS;4985.0;1
483000;;;BANANAS;SEASHELLS;4984.0;1
483300;;;BANANAS;SEASHELLS;4985.0;1
483500;;;BANANAS;SEASHELLS;4983.0;1
484000;;;BANANAS;SEASHELLS;4983.0;1
484100;;;BANANAS;SEASHELLS;4978.0;1
484400;;;BANANAS;SEASHELLS;4982.0;1
484800;;;BANANAS;SEASHELLS;4977.0;2
484900;;;BANANAS;SEASHELLS;4977.0;2
485500;;;BANANAS;SEASHELLS;4976.0;2
485500;;;BANANAS;SEASHELLS;4977.0;5
485900;;;BANANAS;SEASHELLS;4975.0;1
486000;;;BANANAS;SEASHELLS;4982.0;12
486200;;;BANANAS;SEASHELLS;4980.0;5
486200;;;BANANAS;SEASHELLS;4980.0;7
486300;;;BANANAS;SEASHELLS;4976.0;8
486700;;;BANANAS;SEASHELLS;4978.0;4
486700;;;BANANAS;SEASHELLS;4974.0;9
486800;;;BANANAS;SEASHELLS;4980.0;1
487000;;;BANANAS;SEASHELLS;4974.0;1
487300;;;BANANAS;SEASHELLS;4975.0;1
487600;;;BANANAS;SEASHELLS;4976.0;1
487700;;;BANANAS;SEASHELLS;4980.0;1
488200;;;BANANAS;SEASHELLS;4982.0;20
488200;;;BANANAS;SEASHELLS;4982.0;2
488500;;;BANANAS;SEASHELLS;4978.0;2
488500;;;BANANAS;SEASHELLS;4978.0;1
488500;;;BANANAS;SEASHELLS;4979.0;1
489000;;;BANANAS;SEASHELLS;4975.0;5
489100;;;BANANAS;SEASHELLS;4975.0;9
489800;;;BANANAS;SEASHELLS;4976.0;1
490200;;;BANANAS;SEASHELLS;4976.0;2
490400;;;BANANAS;SEASHELLS;4974.0;1
490600;;;BANANAS;SEASHELLS;4981.0;7
491000;;;BANANAS;SEASHELLS;4979.0;1
492300;;;BANANAS;SEASHELLS;4980.0;1
492400;;;BANANAS;SEASHELLS;4975.0;1
492700;;;BANANAS;SEASHELLS;4979.0;2
492800;;;BANANAS;SEASHELLS;4978.0;1
492800;;;BANANAS;SEASHELLS;4978.0;11
492900;;;BANANAS;SEASHELLS;4974.0;1
492900;;;BANANAS;SEASHELLS;4974.0;1
493100;;;BANANAS;SEASHELLS;4974.0;1
493200;;;BANANAS;SEASHELLS;4973.0;1
493600;;;BANANAS;SEASHELLS;4974.0;4
493700;;;BANANAS;SEASHELLS;4973.0;18
493900;;;BANANAS;SEASHELLS;4977.0;1
494600;;;BANANAS;SEASHELLS;4973.0;12
495100;;;BANANAS;SEASHELLS;4976.0;1
495300;;;BANANAS;SEASHELLS;4971.0;1
495400;;;BANANAS;SEASHELLS;4971.0;1
496000;;;BANANAS;SEASHELLS;4970.0;1
497900;;;BANANAS;SEASHELLS;4971.0;2
498100;;;BANANAS;SEASHELLS;4972.0;1
498600;;;BANANAS;SEASHELLS;4966.0;1
498600;;;BANANAS;SEASHELLS;4972.0;2
499600;;;BANANAS;SEASHELLS;4969.0;1
499600;;;BANANAS;SEASHELLS;4964.0;2
499700;;;BANANAS;SEASHELLS;4969.0;1
499800;;;BANANAS;SEASHELLS;4970.0;1
500200;;;BANANAS;SEASHELLS;4965.0;1
500300;;;BANANAS;SEASHELLS;4971.0;1
500700;;;BANANAS;SEASHELLS;4964.0;1
500900;;;BANANAS;SEASHELLS;4968.0;2
500900;;;BANANAS;SEASHELLS;4968.0;2
501400;;;BANANAS;SEASHELLS;4965.0;4
501600;;;BANANAS;SEASHELLS;4971.0;1
501900;;;BANANAS;SEASHELLS;4969.0;2
502300;;;BANANAS;SEASHELLS;4963.0;1
502600;;;BANANAS;SEASHELLS;4967.0;1
503000;;;BANANAS;SEASHELLS;4964.0;1
503200;;;BANANAS;SEASHELLS;4969.0;10
503300;;;BANANAS;SEASHELLS;4964.0;1
503900;;;BANANAS;SEASHELLS;4964.0;1
504100;;;BANANAS;SEASHELLS;4963.0;1
504400;;;BANANAS;SEASHELLS;4963.0;1
504700;;;BANANAS;SEASHELLS;4967.0;1
504900;;;BANANAS;SEASHELLS;4963.0;1
505100;;;BANANAS;SEASHELLS;4963.0;1
505700;;;BANANAS;SEASHELLS;4967.0;7
505800;;;BANANAS;SEASHELLS;4962.0;2
506000;;;BANANAS;SEASHELLS;4968.0;1
506200;;;BANANAS;SEASHELLS;4966.0;1
506200;;;BANANAS;SEASHELLS;4966.0;1
506300;;;BANANAS;SEASHELLS;4969.0;1
506300;;;BANANAS;SEASHELLS;4962.0;1
506500;;;BANANAS;SEASHELLS;4962.0;2
507600;;;BANANAS;SEASHELLS;4967.0;1
508100;;;BANANAS;SEASHELLS;4968.0;1
508300;;;BANANAS;SEASHELLS;4967.0;1
508500;;;BANANAS;SEASHELLS;4962.0;1
508600;;;BANANAS;SEASHELLS;4961.0;2
508800;;;BANANAS;SEASHELLS;4963.0;4
508800;;;BANANAS;SEASHELLS;4963.0;2
508800;;;BANANAS;SEASHELLS;4967.0;1
509100;;;BANANAS;SEASHELLS;4967.0;1
509500;;;BANANAS;SEASHELLS;4966.0;1
511600;;;BANANAS;SEASHELLS;4963.0;1
512200;;;BANANAS;SEASHELLS;4962.0;1
512500;;;BANANAS;SEASHELLS;4967.0;1
512700;;;BANANAS;SEASHELLS;4962.0;1
512900;;;BANANAS;SEASHELLS;4963.0;1
513000;;;BANANAS;SEASHELLS;4969.0;1
513100;;;BANANAS;SEASHELLS;4964.0;4
513400;;;BANANAS;SEASHELLS;4970.0;15
513500;;;BANANAS;SEASHELLS;4970.0;1
514500;;;BANANAS;SEASHELLS;4963.0;13
514500;;;BANANAS;SEASHELLS;4968.0;1
516400;;;BANANAS;SEASHELLS;4967.0;1
516600;;;BANANAS;SEASHELLS;4964.0;2
516900;;;BANANAS;SEASHELLS;4965.0;18
517100;;;BANANAS;SEASHELLS;4958.0;1
517200;;;BANANAS;SEASHELLS;4961.0;1
517400;;;BANANAS;SEASHELLS;4959.0;1
517600;;;BANANAS;SEASHELLS;4958.0;2
518200;;;BANANAS;SEASHELLS;4958.0;20
518400;;;BANANAS;SEASHELLS;4958.0;4
518500;;;BANANAS;SEASHELLS;4957.0;1
518600;;;BANANAS;SEASHELLS;4958.0;1
518700;;;BANANAS;SEASHELLS;4957.0;1
519300;;;BANANAS;SEASHELLS;4964.0;1
520100;;;BANANAS;SEASHELLS;4966.0;1
520400;;;BANANAS;SEASHELLS;4962.0;1
520500;;;BANANAS;SEASHELLS;4961.0;1
520600;;;BANANAS;SEASHELLS;4966.0;1
520900;;;BANANAS;SEASHELLS;4965.0;12
521200;;;BANANAS;SEASHELLS;4962.0;2
521400;;;BANANAS;SEASHELLS;4962.0;2
521400;;;BANANAS;SEASHELLS;4962.0;12
521500;;;BANANAS;SEASHELLS;4967.0;1
522200;;;BANANAS;SEASHELLS;4962.0;3
522300;;;BANANAS;SEASHELLS;4965.0;4
523700;;;BANANAS;SEASHELLS;4960.0;1
523800;;;BANANAS;SEASHELLS;4960.0;1
524500;;;BANANAS;SEASHELLS;4965.0;2
524900;;;BANANAS;SEASHELLS;4957.0;2
525300;;;BANANAS;SEASHELLS;4959.0;18
526200;;;BANANAS;SEASHELLS;4965.0;1
526400;;;BANANAS;SEASHELLS;4966.0;1
526500;;;BANANAS;SEASHELLS;4966.0;1
526600;;;BANANAS;SEASHELLS;4966.0;1
527100;;;BANANAS;SEASHELLS;4965.0;6
529600;;;BANANAS;SEASHELLS;4964.0;1
530200;;;BANANAS;SEASHELLS;4965.0;1
530300;;;BANANAS;SEASHELLS;4966.0;1
530300;;;BANANAS;SEASHELLS;4966.0;3
530700;;;BANANAS;SEASHELLS;4971.0;2
531100;;;BANANAS;SEASHELLS;4967.0;1
531100;;;BANANAS;SEASHELLS;4965.0;1
531500;;;BANANAS;SEASHELLS;4966.0;1
531800;;;BANANAS;SEASHELLS;4970.0;1
532500;;;BANANAS;SEASHELLS;4968.0;2
532800;;;BANANAS;SEASHELLS;4970.0;1
532900;;;BANANAS;SEASHELLS;4965.0;5
533000;;;BANANAS;SEASHELLS;4965.0;1
534100;;;BANANAS;SEASHELLS;4965.0;1
534400;;;BANANAS;SEASHELLS;4970.0;1
534700;;;BANANAS;SEASHELLS;4968.0;4
535400;;;BANANAS;SEASHELLS;4965.0;1
535500;;;BANANAS;SEASHELLS;4968.0;1
535800;;;BANANAS;SEASHELLS;4964.0;7
536100;;;BANANAS;SEASHELLS;4969.0;1
536200;;;BANANAS;SEASHELLS;4962.0;1
536300;;;BANANAS;SEASHELLS;4962.0;1
536400;;;BANANAS;SEASHELLS;4962.0;7
536900;;;BANANAS;SEASHELLS;4965.0;1
538300;;;BANANAS;SEASHELLS;4966.0;1
538800;;;BANANAS;SEASHELLS;4971.0;1
539000;;;BANANAS;SEASHELLS;4972.0;1
539400;;;BANANAS;SEASHELLS;4966.0;1
539500;;;BANANAS;SEASHELLS;4971.0;1
540000;;;BANANAS;SEASHELLS;4971.0;1
540100;;;BANANAS;SEASHELLS;4969.0;5
540100;;;BANANAS;SEASHELLS;4965.0;1
540300;;;BANANAS;SEASHELLS;4965.0;1
540600;;;BANANAS;SEASHELLS;4966.0;3
540700;;;BANANAS;SEASHELLS;4972.0;2
540800;;;BANANAS;SEASHELLS;4970.0;5
541200;;;BANANAS;SEASHELLS;4972.0;1
542000;;;BANANAS;SEASHELLS;4965.0;1
542100;;;BANANAS;SEASHELLS;4970.0;1
542200;;;BANANAS;SEASHELLS;4969.0;1
542200;;;BANANAS;SEASHELLS;4969.0;3
542400;;;BANANAS;SEASHELLS;4969.0;3
542400;;;BANANAS;SEASHELLS;4965.0;1
542600;;;BANANAS;SEASHELLS;4965.0;8
543500;;;BANANAS;SEASHELLS;4962.0;1
543500;;;BANANAS;SEASHELLS;4969.0;18
544000;;;BANANAS;SEASHELLS;4962.0;11
544400;;;BANANAS;SEASHELLS;4961.0;1
544500;;;BANANAS;SEASHELLS;4961.0;1
545200;;;BANANAS;SEASHELLS;4962.0;2
546400;;;BANANAS;SEASHELLS;4964.0;8
546400;;;BANANAS;SEASHELLS;4964.0;1
546500;;;BANANAS;SEASHELLS;4968.0;1
547100;;;BANANAS;SEASHELLS;4962.0;1
547300;;;BANANAS;SEASHELLS;4963.0;2
547600;;;BANANAS;SEASHELLS;4968.0;1
548400;;;BANANAS;SEASHELLS;4961.0;2
548500;;;BANANAS;SEASHELLS;4962.0;1
549200;;;BANANAS;SEASHELLS;4961.0;1
549300;;;BANANAS;SEASHELLS;4965.0;1
550300;;;BANANAS;SEASHELLS;4967.0;19
550500;;;BANANAS;SEASHELLS;4966.0;1
550800;;;BANANAS;SEASHELLS;4966.0;1
550900;;;BANANAS;SEASHELLS;4960.0;1
551000;;;BANANAS;SEASHELLS;4965.0;1
551300;;;BANANAS;SEASHELLS;4960.0;1
551400;;;BANANAS;SEASHELLS;4965.0;1
551600;;;BANANAS;SEASHELLS;4960.0;1
551700;;;BANANAS;SEASHELLS;4966.0;1
551900;;;BANANAS;SEASHELLS;4965.0;1
551900;;;BANANAS;SEASHELLS;4965.0;1
552100;;;BANANAS;SEASHELLS;4960.0;1
552300;;;BANANAS;SEASHELLS;4960.0;1
552600;;;BANANAS;SEASHELLS;4965.0;1
553000;;;BANANAS;SEASHELLS;4961.0;1
553400;;;BANANAS;SEASHELLS;4962.0;18
553600;;;BANANAS;SEASHELLS;4963.0;1
553700;;;BANANAS;SEASHELLS;4963.0;1
553900;;;BANANAS;SEASHELLS;4962.0;1
554600;;;BANANAS;SEASHELLS;4964.0;7
555100;;;BANANAS;SEASHELLS;4966.0;4
555100;;;BANANAS;SEASHELLS;4966.0;1
555200;;;BANANAS;SEASHELLS;4963.0;1
555300;;;BANANAS;SEASHELLS;4962.0;1
555600;;;BANANAS;SEASHELLS;4961.0;1
555700;;;BANANAS;SEASHELLS;4961.0;1
555900;;;BANANAS;SEASHELLS;4961.0;1
556000;;;BANANAS;SEASHELLS;4961.0;1
556100;;;BANANAS;SEASHELLS;4963.0;2
556700;;;BANANAS;SEASHELLS;4962.0;1
558300;;;BANANAS;SEASHELLS;4967.0;1
558400;;;BANANAS;SEASHELLS;4963.0;2
558700;;;BANANAS;SEASHELLS;4964.0;6
558800;;;BANANAS;SEASHELLS;4962.0;1
559300;;;BANANAS;SEASHELLS;4967.0;1
560600;;;BANANAS;SEASHELLS;4961.0;1
561000;;;BANANAS;SEASHELLS;4962.0;1
561100;;;BANANAS;SEASHELLS;4967.0;1
561500;;;BANANAS;SEASHELLS;4968.0;1
562100;;;BANANAS;SEASHELLS;4967.0;1
562400;;;BANANAS;SEASHELLS;4966.0;4
562900;;;BANANAS;SEASHELLS;4961.0;1
563400;;;BANANAS;SEASHELLS;4967.0;1
563700;;;BANANAS;SEASHELLS;4965.0;2
564100;;;BANANAS;SEASHELLS;4968.0;4
564600;;;BANANAS;SEASHELLS;4970.0;7
564800;;;BANANAS;SEASHELLS;4967.0;1
565600;;;BANANAS;SEASHELLS;4966.0;1
565700;;;BANANAS;SEASHELLS;4971.0;1
565900;;;BANANAS;SEASHELLS;4971.0;1
566000;;;BANANAS;SEASHELLS;4966.0;1
566200;;;BANANAS;SEASHELLS;4966.0;1
566300;;;BANANAS;SEASHELLS;4970.0;5
566800;;;BANANAS;SEASHELLS;4973.0;2
567000;;;BANANAS;SEASHELLS;4974.0;1
567300;;;BANANAS;SEASHELLS;4973.0;2
567400;;;BANANAS;SEASHELLS;4968.0;1
567700;;;BANANAS;SEASHELLS;4969.0;2
568300;;;BANANAS;SEASHELLS;4968.0;1
568400;;;BANANAS;SEASHELLS;4968.0;1
568500;;;BANANAS;SEASHELLS;4968.0;1
568700;;;BANANAS;SEASHELLS;4969.0;1
568800;;;BANANAS;SEASHELLS;4969.0;10
568800;;;BANANAS;SEASHELLS;4969.0;1
569800;;;BANANAS;SEASHELLS;4970.0;5
570200;;;BANANAS;SEASHELLS;4972.0;2
570700;;;BANANAS;SEASHELLS;4972.0;1
570800;;;BANANAS;SEASHELLS;4968.0;1
571900;;;BANANAS;SEASHELLS;4973.0;2
572600;;;BANANAS;SEASHELLS;4968.0;1
572900;;;BANANAS;SEASHELLS;4968.0;1
573000;;;BANANAS;SEASHELLS;4967.0;1
573500;;;BANANAS;SEASHELLS;4972.0;10
573900;;;BANANAS;SEASHELLS;4969.0;4
574000;;;BANANAS;SEASHELLS;4967.0;1
574500;;;BANANAS;SEASHELLS;4970.0;1
575300;;;BANANAS;SEASHELLS;4966.0;2
575500;;;BANANAS;SEASHELLS;4967.0;5
575700;;;BANANAS;SEASHELLS;4966.0;1
575800;;;BANANAS;SEASHELLS;4966.0;1
576100;;;BANANAS;SEASHELLS;4966.0;1
576200;;;BANANAS;SEASHELLS;4966.0;4
576300;;;BANANAS;SEASHELLS;4973.0;2
577000;;;BANANAS;SEASHELLS;4967.0;1
577400;;;BANANAS;SEASHELLS;4972.0;7
578200;;;BANANAS;SEASHELLS;4969.0;1
578300;;;BANANAS;SEASHELLS;4974.0;1
578400;;;BANANAS;SEASHELLS;4970.0;1
579300;;;BANANAS;SEASHELLS;4971.0;1
579800;;;BANANAS;SEASHELLS;4977.0;1
579800;;;BANANAS;SEASHELLS;4975.0;1
580200;;;BANANAS;SEASHELLS;4969.0;1
581200;;;BANANAS;SEASHELLS;4976.0;1
581700;;;BANANAS;SEASHELLS;4970.0;1
582200;;;BANANAS;SEASHELLS;4977.0;1
582600;;;BANANAS;SEASHELLS;4979.0;9
583600;;;BANANAS;SEASHELLS;4978.0;1
583700;;;BANANAS;SEASHELLS;4972.0;2
583900;;;BANANAS;SEASHELLS;4973.0;4
584000;;;BANANAS;SEASHELLS;4979.0;1
584200;;;BANANAS;SEASHELLS;4979.0;1
584400;;;BANANAS;SEASHELLS;4978.0;1
584700;;;BANANAS;SEASHELLS;4974.0;1
584800;;;BANANAS;SEASHELLS;4979.0;1
584900;;;BANANAS;SEASHELLS;4974.0;1
584900;;;BANANAS;SEASHELLS;4975.0;2
585500;;;BANANAS;SEASHELLS;4980.0;2
585800;;;BANANAS;SEASHELLS;4974.0;4
585800;;;BANANAS;SEASHELLS;4972.0;1
585900;;;BANANAS;SEASHELLS;4978.0;14
586200;;;BANANAS;SEASHELLS;4979.0;1
586400;;;BANANAS;SEASHELLS;4977.0;8
586500;;;BANANAS;SEASHELLS;4979.0;1
587100;;;BANANAS;SEASHELLS;4973.0;7
587100;;;BANANAS;SEASHELLS;4977.0;1
587200;;;BANANAS;SEASHELLS;4979.0;1
587700;;;BANANAS;SEASHELLS;4972.0;10
588600;;;BANANAS;SEASHELLS;4972.0;1
588800;;;BANANAS;SEASHELLS;4978.0;1
588900;;;BANANAS;SEASHELLS;4972.0;1
589000;;;BANANAS;SEASHELLS;4977.0;1
589100;;;BANANAS;SEASHELLS;4977.0;1
589700;;;BANANAS;SEASHELLS;4971.0;1
590600;;;BANANAS;SEASHELLS;4975.0;1
591300;;;BANANAS;SEASHELLS;4970.0;1
591500;;;BANANAS;SEASHELLS;4971.0;1
591900;;;BANANAS;SEASHELLS;4972.0;1
591900;;;BANANAS;SEASHELLS;4977.0;1
592200;;;BANANAS;SEASHELLS;4972.0;1
592400;;;BANANAS;SEASHELLS;4972.0;1
592500;;;BANANAS;SEASHELLS;4978.0;2
592900;;;BANANAS;SEASHELLS;4979.0;1
593300;;;BANANAS;SEASHELLS;4971.0;1
593300;;;BANANAS;SEASHELLS;4977.0;2
593500;;;BANANAS;SEASHELLS;4971.0;11
593700;;;BANANAS;SEASHELLS;4971.0;4
594800;;;BANANAS;SEASHELLS;4978.0;2
595000;;;BANANAS;SEASHELLS;4977.0;1
595300;;;BANANAS;SEASHELLS;4973.0;1
595400;;;BANANAS;SEASHELLS;4978.0;1
595500;;;BANANAS;SEASHELLS;4980.0;1
596100;;;BANANAS;SEASHELLS;4973.0;1
596600;;;BANANAS;SEASHELLS;4979.0;1
596800;;;BANANAS;SEASHELLS;4979.0;2
596800;;;BANANAS;SEASHELLS;4979.0;3
597300;;;BANANAS;SEASHELLS;4976.0;3
597300;;;BANANAS;SEASHELLS;4976.0;3
597300;;;BANANAS;SEASHELLS;4976.0;0
597300;;;BANANAS;SEASHELLS;4976.0;7
597500;;;BANANAS;SEASHELLS;4972.0;1
598000;;;BANANAS;SEASHELLS;4972.0;1
598200;;;BANANAS;SEASHELLS;4971.0;1
598800;;;BANANAS;SEASHELLS;4974.0;4
599000;;;BANANAS;SEASHELLS;4972.0;2
599000;;;BANANAS;SEASHELLS;4973.0;1
599100;;;BANANAS;SEASHELLS;4978.0;2
599300;;;BANANAS;SEASHELLS;4972.0;2
599600;;;BANANAS;SEASHELLS;4972.0;1
599700;;;BANANAS;SEASHELLS;4979.0;2
600000;;;BANANAS;SEASHELLS;4979.0;1
600200;;;BANANAS;SEASHELLS;4978.0;1
600400;;;BANANAS;SEASHELLS;4978.0;1
600600;;;BANANAS;SEASHELLS;4974.0;7
601500;;;BANANAS;SEASHELLS;4979.0;1
601600;;;BANANAS;SEASHELLS;4981.0;2
601700;;;BANANAS;SEASHELLS;4975.0;1
602700;;;BANANAS;SEASHELLS;4982.0;2
602700;;;BANANAS;SEASHELLS;4975.0;1
603600;;;BANANAS;SEASHELLS;4979.0;1
603900;;;BANANAS;SEASHELLS;4974.0;1
604400;;;BANANAS;SEASHELLS;4978.0;4
604400;;;BANANAS;SEASHELLS;4978.0;1
604800;;;BANANAS;SEASHELLS;4974.0;1
605200;;;BANANAS;SEASHELLS;4974.0;2
605700;;;BANANAS;SEASHELLS;4981.0;1
606100;;;BANANAS;SEASHELLS;4976.0;1
606200;;;BANANAS;SEASHELLS;4981.0;1
606600;;;BANANAS;SEASHELLS;4980.0;3
606800;;;BANANAS;SEASHELLS;4975.0;16
607400;;;BANANAS;SEASHELLS;4975.0;6
608400;;;BANANAS;SEASHELLS;4974.0;2
608500;;;BANANAS;SEASHELLS;4974.0;6
608800;;;BANANAS;SEASHELLS;4974.0;1
609700;;;BANANAS;SEASHELLS;4972.0;8
609700;;;BANANAS;SEASHELLS;4977.0;1
609800;;;BANANAS;SEASHELLS;4977.0;1
609900;;;BANANAS;SEASHELLS;4972.0;1
610100;;;BANANAS;SEASHELLS;4973.0;1
610200;;;BANANAS;SEASHELLS;4978.0;1
610400;;;BANANAS;SEASHELLS;4979.0;2
610800;;;BANANAS;SEASHELLS;4973.0;1
610800;;;BANANAS;SEASHELLS;4978.0;1
610900;;;BANANAS;SEASHELLS;4973.0;8
611000;;;BANANAS;SEASHELLS;4973.0;7
611500;;;BANANAS;SEASHELLS;4975.0;1
612300;;;BANANAS;SEASHELLS;4982.0;1
612500;;;BANANAS;SEASHELLS;4982.0;1
612500;;;BANANAS;SEASHELLS;4977.0;1
612900;;;BANANAS;SEASHELLS;4976.0;1
613100;;;BANANAS;SEASHELLS;4976.0;1
613700;;;BANANAS;SEASHELLS;4984.0;4
613700;;;BANANAS;SEASHELLS;4983.0;1
613900;;;BANANAS;SEASHELLS;4978.0;1
614000;;;BANANAS;SEASHELLS;4984.0;1
614000;;;BANANAS;SEASHELLS;4977.0;1
614400;;;BANANAS;SEASHELLS;4982.0;1
614800;;;BANANAS;SEASHELLS;4976.0;2
614900;;;BANANAS;SEASHELLS;4976.0;15
615100;;;BANANAS;SEASHELLS;4983.0;2
615300;;;BANANAS;SEASHELLS;4982.0;2
615700;;;BANANAS;SEASHELLS;4976.0;1
616200;;;BANANAS;SEASHELLS;4976.0;3
617000;;;BANANAS;SEASHELLS;4977.0;5
617000;;;BANANAS;SEASHELLS;4977.0;7
617300;;;BANANAS;SEASHELLS;4977.0;1
617600;;;BANANAS;SEASHELLS;4977.0;1
617700;;;BANANAS;SEASHELLS;4976.0;2
617900;;;BANANAS;SEASHELLS;4978.0;3
618400;;;BANANAS;SEASHELLS;4978.0;1
619000;;;BANANAS;SEASHELLS;4978.0;1
619200;;;BANANAS;SEASHELLS;4984.0;1
619200;;;BANANAS;SEASHELLS;4983.0;3
619400;;;BANANAS;SEASHELLS;4986.0;11
619400;;;BANANAS;SEASHELLS;4980.0;1
619800;;;BANANAS;SEASHELLS;4980.0;6
620100;;;BANANAS;SEASHELLS;4982.0;3
621700;;;BANANAS;SEASHELLS;4981.0;11
621900;;;BANANAS;SEASHELLS;4985.0;1
622000;;;BANANAS;SEASHELLS;4982.0;1
622200;;;BANANAS;SEASHELLS;4987.0;1
622300;;;BANANAS;SEASHELLS;4981.0;2
622400;;;BANANAS;SEASHELLS;4981.0;8
622500;;;BANANAS;SEASHELLS;4986.0;1
622500;;;BANANAS;SEASHELLS;4985.0;5
623500;;;BANANAS;SEASHELLS;4983.0;1
623600;;;BANANAS;SEASHELLS;4982.0;1
623900;;;BANANAS;SEASHELLS;4983.0;8
623900;;;BANANAS;SEASHELLS;4983.0;1
624400;;;BANANAS;SEASHELLS;4987.0;4
624700;;;BANANAS;SEASHELLS;4981.0;1
625700;;;BANANAS;SEASHELLS;4984.0;2
625800;;;BANANAS;SEASHELLS;4986.0;1
626300;;;BANANAS;SEASHELLS;4984.0;1
626800;;;BANANAS;SEASHELLS;4985.0;1
626900;;;BANANAS;SEASHELLS;4979.0;1
627300;;;BANANAS;SEASHELLS;4978.0;1
627700;;;BANANAS;SEASHELLS;4982.0;1
627800;;;BANANAS;SEASHELLS;4982.0;1
628300;;;BANANAS;SEASHELLS;4977.0;1
628400;;;BANANAS;SEASHELLS;4983.0;1
628400;;;BANANAS;SEASHELLS;4980.0;1
628700;;;BANANAS;SEASHELLS;4978.0;2
628800;;;BANANAS;SEASHELLS;4983.0;1
628800;;;BANANAS;SEASHELLS;4982.0;2
629000;;;BANANAS;SEASHELLS;4983.0;2
629200;;;BANANAS;SEASHELLS;4978.0;1
629900;;;BANANAS;SEASHELLS;4980.0;2
630100;;;BANANAS;SEASHELLS;4979.0;1
630200;;;BANANAS;SEASHELLS;4984.0;1
630300;;;BANANAS;SEASHELLS;4986.0;2
630500;;;BANANAS;SEASHELLS;4980.0;1
631000;;;BANANAS;SEASHELLS;4981.0;5
631500;;;BANANAS;SEASHELLS;4986.0;7
632400;;;BANANAS;SEASHELLS;4982.0;1
632500;;;BANANAS;SEASHELLS;4981.0;11
633100;;;BANANAS;SEASHELLS;4980.0;1
633400;;;BANANAS;SEASHELLS;4980.0;8
633400;;;BANANAS;SEASHELLS;4980.0;10
633400;;;BANANAS;SEASHELLS;4980.0;2
633500;;;BANANAS;SEASHELLS;4979.0;1
633600;;;BANANAS;SEASHELLS;4983.0;2
633700;;;BANANAS;SEASHELLS;4985.0;1
634000;;;BANANAS;SEASHELLS;4983.0;1
634100;;;BANANAS;SEASHELLS;4977.0;1
634400;;;BANANAS;SEASHELLS;4983.0;1
634500;;;BANANAS;SEASHELLS;4977.0;1
635000;;;BANANAS;SEASHELLS;4976.0;1
636000;;;BANANAS;SEASHELLS;4982.0;1
636400;;;BANANAS;SEASHELLS;4977.0;1
637500;;;BANANAS;SEASHELLS;4978.0;1
637900;;;BANANAS;SEASHELLS;4986.0;2
638300;;;BANANAS;SEASHELLS;4985.0;1
638500;;;BANANAS;SEASHELLS;4979.0;1
639000;;;BANANAS;SEASHELLS;4985.0;1
639300;;;BANANAS;SEASHELLS;4982.0;1
639400;;;BANANAS;SEASHELLS;4984.0;6
639600;;;BANANAS;SEASHELLS;4987.0;7
639900;;;BANANAS;SEASHELLS;4981.0;1
640000;;;BANANAS;SEASHELLS;4981.0;1
640000;;;BANANAS;SEASHELLS;4980.0;5
641400;;;BANANAS;SEASHELLS;4984.0;1
642000;;;BANANAS;SEASHELLS;4983.0;1
642100;;;BANANAS;SEASHELLS;4978.0;1
642300;;;BANANAS;SEASHELLS;4978.0;1
642700;;;BANANAS;SEASHELLS;4984.0;2
643000;;;BANANAS;SEASHELLS;4983.0;1
643400;;;BANANAS;SEASHELLS;4979.0;1
643400;;;BANANAS;SEASHELLS;4978.0;1
643600;;;BANANAS;SEASHELLS;4981.0;1
643800;;;BANANAS;SEASHELLS;4984.0;1
644100;;;BANANAS;SEASHELLS;4978.0;1
644400;;;BANANAS;SEASHELLS;4978.0;1
644400;;;BANANAS;SEASHELLS;4978.0;1
644500;;;BANANAS;SEASHELLS;4978.0;1
644600;;;BANANAS;SEASHELLS;4978.0;1
645000;;;BANANAS;SEASHELLS;4976.0;7
645500;;;BANANAS;SEASHELLS;4982.0;1
645600;;;BANANAS;SEASHELLS;4978.0;10
645600;;;BANANAS;SEASHELLS;4978.0;2
646300;;;BANANAS;SEASHELLS;4980.0;1
646700;;;BANANAS;SEASHELLS;4980.0;7
647100;;;BANANAS;SEASHELLS;4982.0;5
647400;;;BANANAS;SEASHELLS;4980.0;1
647500;;;BANANAS;SEASHELLS;4981.0;1
648000;;;BANANAS;SEASHELLS;4980.0;1
648200;;;BANANAS;SEASHELLS;4980.0;1
648700;;;BANANAS;SEASHELLS;4980.0;1
648800;;;BANANAS;SEASHELLS;4981.0;2
648900;;;BANANAS;SEASHELLS;4979.0;1
649800;;;BANANAS;SEASHELLS;4981.0;1
650000;;;BANANAS;SEASHELLS;4979.0;15
650300;;;BANANAS;SEASHELLS;4986.0;1
650500;;;BANANAS;SEASHELLS;4980.0;1
650500;;;BANANAS;SEASHELLS;4980.0;10
651000;;;BANANAS;SEASHELLS;4986.0;17
651000;;;BANANAS;SEASHELLS;4986.0;2
651500;;;BANANAS;SEASHELLS;4979.0;1
651600;;;BANANAS;SEASHELLS;4985.0;1
651900;;;BANANAS;SEASHELLS;4983.0;1
651900;;;BANANAS;SEASHELLS;4983.0;1
652100;;;BANANAS;SEASHELLS;4979.0;1
652500;;;BANANAS;SEASHELLS;4985.0;1
652800;;;BANANAS;SEASHELLS;4979.0;12
654600;;;BANANAS;SEASHELLS;4980.0;1
655600;;;BANANAS;SEASHELLS;4989.0;3
656000;;;BANANAS;SEASHELLS;4982.0;1
657000;;;BANANAS;SEASHELLS;4985.0;3
657500;;;BANANAS;SEASHELLS;4981.0;1
658600;;;BANANAS;SEASHELLS;4984.0;8
658800;;;BANANAS;SEASHELLS;4979.0;1
658800;;;BANANAS;SEASHELLS;4986.0;15
658900;;;BANANAS;SEASHELLS;4985.0;1
659200;;;BANANAS;SEASHELLS;4980.0;1
659500;;;BANANAS;SEASHELLS;4987.0;1
659600;;;BANANAS;SEASHELLS;4980.0;13
660200;;;BANANAS;SEASHELLS;4981.0;1
661100;;;BANANAS;SEASHELLS;4983.0;2
661100;;;BANANAS;SEASHELLS;4983.0;1
661800;;;BANANAS;SEASHELLS;4987.0;9
662200;;;BANANAS;SEASHELLS;4982.0;1
662300;;;BANANAS;SEASHELLS;4983.0;1
662500;;;BANANAS;SEASHELLS;4983.0;1
662600;;;BANANAS;SEASHELLS;4990.0;2
662900;;;BANANAS;SEASHELLS;4982.0;1
663000;;;BANANAS;SEASHELLS;4989.0;2
664700;;;BANANAS;SEASHELLS;4988.0;2
664700;;;BANANAS;SEASHELLS;4981.0;6
664800;;;BANANAS;SEASHELLS;4986.0;1
664900;;;BANANAS;SEASHELLS;4986.0;2
665000;;;BANANAS;SEASHELLS;4986.0;2
665000;;;BANANAS;SEASHELLS;4981.0;1
665400;;;BANANAS;SEASHELLS;4981.0;2
665500;;;BANANAS;SEASHELLS;4982.0;1
665500;;;BANANAS;SEASHELLS;4987.0;2
665500;;;BANANAS;SEASHELLS;4987.0;9
665700;;;BANANAS;SEASHELLS;4988.0;1
665700;;;BANANAS;SEASHELLS;4990.0;2
666200;;;BANANAS;SEASHELLS;4984.0;1
666300;;;BANANAS;SEASHELLS;4985.0;5
666600;;;BANANAS;SEASHELLS;4990.0;1
666600;;;BANANAS;SEASHELLS;4989.0;10
666800;;;BANANAS;SEASHELLS;4990.0;1
668300;;;BANANAS;SEASHELLS;4990.0;2
668400;;;BANANAS;SEASHELLS;4984.0;1
668800;;;BANANAS;SEASHELLS;4985.0;1
669500;;;BANANAS;SEASHELLS;4991.0;1
669600;;;BANANAS;SEASHELLS;4986.0;1
669600;;;BANANAS;SEASHELLS;4992.0;1
669700;;;BANANAS;SEASHELLS;4990.0;1
669700;;;BANANAS;SEASHELLS;4990.0;2
669800;;;BANANAS;SEASHELLS;4990.0;2
669900;;;BANANAS;SEASHELLS;4992.0;1
670400;;;BANANAS;SEASHELLS;4988.0;1
670800;;;BANANAS;SEASHELLS;4986.0;1
671100;;;BANANAS;SEASHELLS;4991.0;1
671100;;;BANANAS;SEASHELLS;4991.0;10
671300;;;BANANAS;SEASHELLS;4988.0;4
671600;;;BANANAS;SEASHELLS;4987.0;1
672500;;;BANANAS;SEASHELLS;4989.0;4
672600;;;BANANAS;SEASHELLS;4993.0;1
673700;;;BANANAS;SEASHELLS;4988.0;2
673900;;;BANANAS;SEASHELLS;4993.0;1
673900;;;BANANAS;SEASHELLS;4993.0;1
674600;;;BANANAS;SEASHELLS;4994.0;2
674700;;;BANANAS;SEASHELLS;4988.0;1
675600;;;BANANAS;SEASHELLS;4986.0;10
675600;;;BANANAS;SEASHELLS;4986.0;1
675800;;;BANANAS;SEASHELLS;4989.0;2
675900;;;BANANAS;SEASHELLS;4993.0;2
677500;;;BANANAS;SEASHELLS;4987.0;1
677900;;;BANANAS;SEASHELLS;4987.0;9
678000;;;BANANAS;SEASHELLS;4993.0;2
678600;;;BANANAS;SEASHELLS;4986.0;1
678700;;;BANANAS;SEASHELLS;4992.0;2
678800;;;BANANAS;SEASHELLS;4986.0;1
679000;;;BANANAS;SEASHELLS;4991.0;1
679100;;;BANANAS;SEASHELLS;4989.0;1
679300;;;BANANAS;SEASHELLS;4984.0;2
679900;;;BANANAS;SEASHELLS;4990.0;12
680500;;;BANANAS;SEASHELLS;4990.0;1
680600;;;BANANAS;SEASHELLS;4990.0;3
680900;;;BANANAS;SEASHELLS;4989.0;1
681600;;;BANANAS;SEASHELLS;4983.0;1
681600;;;BANANAS;SEASHELLS;4983.0;1
681800;;;BANANAS;SEASHELLS;4989.0;5
682000;;;BANANAS;SEASHELLS;4987.0;1
682700;;;BANANAS;SEASHELLS;4982.0;1
683200;;;BANANAS;SEASHELLS;4987.0;1
683900;;;BANANAS;SEASHELLS;4989.0;13
684100;;;BANANAS;SEASHELLS;4988.0;1
684600;;;BANANAS;SEASHELLS;4986.0;5
685100;;;BANANAS;SEASHELLS;4986.0;1
685700;;;BANANAS;SEASHELLS;4982.0;1
685900;;;BANANAS;SEASHELLS;4982.0;1
687100;;;BANANAS;SEASHELLS;4987.0;1
687200;;;BANANAS;SEASHELLS;4982.0;1
687400;;;BANANAS;SEASHELLS;4981.0;2
687500;;;BANANAS;SEASHELLS;4986.0;1
687900;;;BANANAS;SEASHELLS;4980.0;1
688000;;;BANANAS;SEASHELLS;4980.0;1
688300;;;BANANAS;SEASHELLS;4980.0;2
688300;;;BANANAS;SEASHELLS;4980.0;1
688900;;;BANANAS;SEASHELLS;4981.0;1
689200;;;BANANAS;SEASHELLS;4982.0;1
690200;;;BANANAS;SEASHELLS;4982.0;0
690200;;;BANANAS;SEASHELLS;4982.0;1
690200;;;BANANAS;SEASHELLS;4982.0;6
690200;;;BANANAS;SEASHELLS;4982.0;7
690700;;;BANANAS;SEASHELLS;4981.0;1
691700;;;BANANAS;SEASHELLS;4988.0;7
691800;;;BANANAS;SEASHELLS;4981.0;17
691900;;;BANANAS;SEASHELLS;4988.0;2
692700;;;BANANAS;SEASHELLS;4987.0;10
692900;;;BANANAS;SEASHELLS;4982.0;7
693200;;;BANANAS;SEASHELLS;4982.0;1
693300;;;BANANAS;SEASHELLS;4986.0;1
693400;;;BANANAS;SEASHELLS;4986.0;1
693500;;;BANANAS;SEASHELLS;4987.0;1
693900;;;BANANAS;SEASHELLS;4982.0;1
694200;;;BANANAS;SEASHELLS;4982.0;1
694300;;;BANANAS;SEASHELLS;4987.0;1
694500;;;BANANAS;SEASHELLS;4982.0;1
694500;;;BANANAS;SEASHELLS;4982.0;1
694500;;;BANANAS;SEASHELLS;4982.0;1
694800;;;BANANAS;SEASHELLS;4987.0;1
695800;;;BANANAS;SEASHELLS;4981.0;1
696000;;;BANANAS;SEASHELLS;4982.0;2
696100;;;BANANAS;SEASHELLS;4983.0;1
696800;;;BANANAS;SEASHELLS;4988.0;2
697600;;;BANANAS;SEASHELLS;4986.0;1
698300;;;BANANAS;SEASHELLS;4988.0;2
699100;;;BANANAS;SEASHELLS;4981.0;1
699300;;;BANANAS;SEASHELLS;4986.0;1
699900;;;BANANAS;SEASHELLS;4980.0;1
700600;;;BANANAS;SEASHELLS;4979.0;1
700700;;;BANANAS;SEASHELLS;4985.0;1
700900;;;BANANAS;SEASHELLS;4987.0;2
701000;;;BANANAS;SEASHELLS;4987.0;6
701200;;;BANANAS;SEASHELLS;4984.0;1
701300;;;BANANAS;SEASHELLS;4987.0;1
701300;;;BANANAS;SEASHELLS;4985.0;1
701400;;;BANANAS;SEASHELLS;4987.0;1
701500;;;BANANAS;SEASHELLS;4981.0;9
701700;;;BANANAS;SEASHELLS;4981.0;1
702100;;;BANANAS;SEASHELLS;4983.0;3
702400;;;BANANAS;SEASHELLS;4985.0;1
702900;;;BANANAS;SEASHELLS;4980.0;1
703600;;;BANANAS;SEASHELLS;4981.0;2
703700;;;BANANAS;SEASHELLS;4987.0;2
703700;;;BANANAS;SEASHELLS;4981.0;1
705100;;;BANANAS;SEASHELLS;4985.0;2
705500;;;BANANAS;SEASHELLS;4986.0;4
705500;;;BANANAS;SEASHELLS;4979.0;1
705800;;;BANANAS;SEASHELLS;4986.0;1
706500;;;BANANAS;SEASHELLS;4984.0;1
706800;;;BANANAS;SEASHELLS;4979.0;1
706800;;;BANANAS;SEASHELLS;4982.0;3
706900;;;BANANAS;SEASHELLS;4980.0;1
706900;;;BANANAS;SEASHELLS;4986.0;4
707000;;;BANANAS;SEASHELLS;4986.0;1
707600;;;BANANAS;SEASHELLS;4980.0;1
707700;;;BANANAS;SEASHELLS;4980.0;1
707900;;;BANANAS;SEASHELLS;4986.0;1
708200;;;BANANAS;SEASHELLS;4979.0;1
708500;;;BANANAS;SEASHELLS;4978.0;1
708900;;;BANANAS;SEASHELLS;4977.0;1
709000;;;BANANAS;SEASHELLS;4977.0;1
709400;;;BANANAS;SEASHELLS;4983.0;1
709500;;;BANANAS;SEASHELLS;4983.0;1
710400;;;BANANAS;SEASHELLS;4982.0;5
710500;;;BANANAS;SEASHELLS;4978.0;2
710900;;;BANANAS;SEASHELLS;4979.0;1
711000;;;BANANAS;SEASHELLS;4978.0;1
711100;;;BANANAS;SEASHELLS;4977.0;2
711100;;;BANANAS;SEASHELLS;4977.0;1
711200;;;BANANAS;SEASHELLS;4982.0;1
711300;;;BANANAS;SEASHELLS;4977.0;2
711400;;;BANANAS;SEASHELLS;4977.0;1
711500;;;BANANAS;SEASHELLS;4983.0;1
711600;;;BANANAS;SEASHELLS;4976.0;2
711900;;;BANANAS;SEASHELLS;4981.0;3
712400;;;BANANAS;SEASHELLS;4978.0;1
712500;;;BANANAS;SEASHELLS;4978.0;1
713200;;;BANANAS;SEASHELLS;4978.0;2
713500;;;BANANAS;SEASHELLS;4983.0;1
714600;;;BANANAS;SEASHELLS;4977.0;4
714800;;;BANANAS;SEASHELLS;4977.0;1
715000;;;BANANAS;SEASHELLS;4980.0;2
715500;;;BANANAS;SEASHELLS;4981.0;2
715500;;;BANANAS;SEASHELLS;4981.0;3
715600;;;BANANAS;SEASHELLS;4982.0;1
716500;;;BANANAS;SEASHELLS;4980.0;4
716900;;;BANANAS;SEASHELLS;4977.0;2
717000;;;BANANAS;SEASHELLS;4976.0;1
717000;;;BANANAS;SEASHELLS;4977.0;2
717300;;;BANANAS;SEASHELLS;4978.0;2
718200;;;BANANAS;SEASHELLS;4980.0;4
718600;;;BANANAS;SEASHELLS;4976.0;1
718700;;;BANANAS;SEASHELLS;4982.0;2
718800;;;BANANAS;SEASHELLS;4975.0;1
719200;;;BANANAS;SEASHELLS;4980.0;1
719300;;;BANANAS;SEASHELLS;4981.0;1
719400;;;BANANAS;SEASHELLS;4979.0;1
719700;;;BANANAS;SEASHELLS;4974.0;12
720000;;;BANANAS;SEASHELLS;4980.0;1
720200;;;BANANAS;SEASHELLS;4981.0;19
721100;;;BANANAS;SEASHELLS;4978.0;13
721600;;;BANANAS;SEASHELLS;4983.0;1
721900;;;BANANAS;SEASHELLS;4977.0;1
722900;;;BANANAS;SEASHELLS;4977.0;1
722900;;;BANANAS;SEASHELLS;4977.0;2
723000;;;BANANAS;SEASHELLS;4977.0;2
723300;;;BANANAS;SEASHELLS;4976.0;2
723400;;;BANANAS;SEASHELLS;4984.0;1
723500;;;BANANAS;SEASHELLS;4977.0;1
723600;;;BANANAS;SEASHELLS;4978.0;1
723700;;;BANANAS;SEASHELLS;4977.0;1
723800;;;BANANAS;SEASHELLS;4978.0;1
724000;;;BANANAS;SEASHELLS;4979.0;1
724100;;;BANANAS;SEASHELLS;4985.0;2
724100;;;BANANAS;SEASHELLS;4979.0;1
724500;;;BANANAS;SEASHELLS;4984.0;9
724600;;;BANANAS;SEASHELLS;4980.0;1
724900;;;BANANAS;SEASHELLS;4979.0;1
725900;;;BANANAS;SEASHELLS;4981.0;1
726200;;;BANANAS;SEASHELLS;4981.0;1
726500;;;BANANAS;SEASHELLS;4985.0;1
727100;;;BANANAS;SEASHELLS;4982.0;4
727200;;;BANANAS;SEASHELLS;4986.0;13
728400;;;BANANAS;SEASHELLS;4981.0;1
728600;;;BANANAS;SEASHELLS;4981.0;1
729500;;;BANANAS;SEASHELLS;4980.0;1
729600;;;BANANAS;SEASHELLS;4985.0;1
729700;;;BANANAS;SEASHELLS;4980.0;1
729800;;;BANANAS;SEASHELLS;4980.0;1
730000;;;BANANAS;SEASHELLS;4985.0;1
730700;;;BANANAS;SEASHELLS;4985.0;2
730800;;;BANANAS;SEASHELLS;4979.0;1
731200;;;BANANAS;SEASHELLS;4983.0;2
731400;;;BANANAS;SEASHELLS;4978.0;1
732600;;;BANANAS;SEASHELLS;4979.0;2
732700;;;BANANAS;SEASHELLS;4980.0;1
732800;;;BANANAS;SEASHELLS;4980.0;1
732900;;;BANANAS;SEASHELLS;4985.0;1
733000;;;BANANAS;SEASHELLS;4980.0;5
733000;;;BANANAS;SEASHELLS;4980.0;1
733200;;;BANANAS;SEASHELLS;4986.0;1
733300;;;BANANAS;SEASHELLS;4980.0;1
733400;;;BANANAS;SEASHELLS;4980.0;7
733500;;;BANANAS;SEASHELLS;4984.0;1
734400;;;BANANAS;SEASHELLS;4986.0;2
734700;;;BANANAS;SEASHELLS;4979.0;7
734700;;;BANANAS;SEASHELLS;4979.0;2
734800;;;BANANAS;SEASHELLS;4978.0;2
735900;;;BANANAS;SEASHELLS;4977.0;7
736500;;;BANANAS;SEASHELLS;4984.0;1
736500;;;BANANAS;SEASHELLS;4984.0;1
736900;;;BANANAS;SEASHELLS;4978.0;17
737600;;;BANANAS;SEASHELLS;4979.0;2
737900;;;BANANAS;SEASHELLS;4984.0;1
738000;;;BANANAS;SEASHELLS;4979.0;1
738100;;;BANANAS;SEASHELLS;4979.0;1
738300;;;BANANAS;SEASHELLS;4979.0;1
738500;;;BANANAS;SEASHELLS;4985.0;12
738500;;;BANANAS;SEASHELLS;4983.0;3
738700;;;BANANAS;SEASHELLS;4984.0;2
738800;;;BANANAS;SEASHELLS;4977.0;2
738900;;;BANANAS;SEASHELLS;4978.0;1
739700;;;BANANAS;SEASHELLS;4980.0;11
739900;;;BANANAS;SEASHELLS;4976.0;1
740300;;;BANANAS;SEASHELLS;4978.0;1
741300;;;BANANAS;SEASHELLS;4980.0;1
741500;;;BANANAS;SEASHELLS;4981.0;1
741600;;;BANANAS;SEASHELLS;4981.0;9
742100;;;BANANAS;SEASHELLS;4978.0;1
742400;;;BANANAS;SEASHELLS;4985.0;2
743100;;;BANANAS;SEASHELLS;4984.0;1
743100;;;BANANAS;SEASHELLS;4985.0;2
743600;;;BANANAS;SEASHELLS;4978.0;1
743900;;;BANANAS;SEASHELLS;4977.0;1
744100;;;BANANAS;SEASHELLS;4977.0;1
744400;;;BANANAS;SEASHELLS;4977.0;1
744500;;;BANANAS;SEASHELLS;4982.0;1
744700;;;BANANAS;SEASHELLS;4981.0;1
745700;;;BANANAS;SEASHELLS;4981.0;1
746900;;;BANANAS;SEASHELLS;4976.0;1
747300;;;BANANAS;SEASHELLS;4980.0;11
747300;;;BANANAS;SEASHELLS;4975.0;1
747500;;;BANANAS;SEASHELLS;4979.0;6
747600;;;BANANAS;SEASHELLS;4976.0;1
748000;;;BANANAS;SEASHELLS;4977.0;1
748100;;;BANANAS;SEASHELLS;4983.0;2
748100;;;BANANAS;SEASHELLS;4982.0;1
748500;;;BANANAS;SEASHELLS;4978.0;2
748600;;;BANANAS;SEASHELLS;4982.0;1
748700;;;BANANAS;SEASHELLS;4977.0;7
748800;;;BANANAS;SEASHELLS;4977.0;1
749000;;;BANANAS;SEASHELLS;4982.0;3
750500;;;BANANAS;SEASHELLS;4975.0;1
751300;;;BANANAS;SEASHELLS;4975.0;1
751800;;;BANANAS;SEASHELLS;4979.0;1
752000;;;BANANAS;SEASHELLS;4973.0;19
752100;;;BANANAS;SEASHELLS;4974.0;1
752200;;;BANANAS;SEASHELLS;4980.0;1
752400;;;BANANAS;SEASHELLS;4973.0;4
752600;;;BANANAS;SEASHELLS;4977.0;1
752700;;;BANANAS;SEASHELLS;4977.0;1
752900;;;BANANAS;SEASHELLS;4975.0;3
753200;;;BANANAS;SEASHELLS;4972.0;1
753700;;;BANANAS;SEASHELLS;4971.0;1
754900;;;BANANAS;SEASHELLS;4974.0;1
755600;;;BANANAS;SEASHELLS;4971.0;1
755800;;;BANANAS;SEASHELLS;4970.0;1
756000;;;BANANAS;SEASHELLS;4969.0;1
756200;;;BANANAS;SEASHELLS;4969.0;1
756500;;;BANANAS;SEASHELLS;4973.0;8
757000;;;BANANAS;SEASHELLS;4969.0;2
757500;;;BANANAS;SEASHELLS;4970.0;1
757700;;;BANANAS;SEASHELLS;4971.0;1
758000;;;BANANAS;SEASHELLS;4976.0;2
758000;;;BANANAS;SEASHELLS;4976.0;12
758300;;;BANANAS;SEASHELLS;4973.0;2
759000;;;BANANAS;SEASHELLS;4976.0;3
759100;;;BANANAS;SEASHELLS;4976.0;1
759100;;;BANANAS;SEASHELLS;4972.0;7
759200;;;BANANAS;SEASHELLS;4978.0;1
759300;;;BANANAS;SEASHELLS;4971.0;1
760100;;;BANANAS;SEASHELLS;4974.0;9
760700;;;BANANAS;SEASHELLS;4969.0;1
761000;;;BANANAS;SEASHELLS;4974.0;1
761100;;;BANANAS;SEASHELLS;4973.0;1
761400;;;BANANAS;SEASHELLS;4969.0;1
761400;;;BANANAS;SEASHELLS;4969.0;5
762200;;;BANANAS;SEASHELLS;4968.0;1
762600;;;BANANAS;SEASHELLS;4975.0;2
763200;;;BANANAS;SEASHELLS;4972.0;5
763300;;;BANANAS;SEASHELLS;4968.0;2
763300;;;BANANAS;SEASHELLS;4973.0;1
763400;;;BANANAS;SEASHELLS;4974.0;2
763400;;;BANANAS;SEASHELLS;4967.0;12
763700;;;BANANAS;SEASHELLS;4968.0;1
764300;;;BANANAS;SEASHELLS;4968.0;1
764600;;;BANANAS;SEASHELLS;4968.0;1
764800;;;BANANAS;SEASHELLS;4969.0;2
764800;;;BANANAS;SEASHELLS;4969.0;8
765600;;;BANANAS;SEASHELLS;4969.0;1
765700;;;BANANAS;SEASHELLS;4976.0;2
766000;;;BANANAS;SEASHELLS;4973.0;1
767400;;;BANANAS;SEASHELLS;4970.0;4
767900;;;BANANAS;SEASHELLS;4967.0;1
768800;;;BANANAS;SEASHELLS;4966.0;1
769300;;;BANANAS;SEASHELLS;4972.0;1
769600;;;BANANAS;SEASHELLS;4970.0;1
769700;;;BANANAS;SEASHELLS;4971.0;1
770500;;;BANANAS;SEASHELLS;4965.0;1
774000;;;BANANAS;SEASHELLS;4968.0;1
774400;;;BANANAS;SEASHELLS;4969.0;1
775500;;;BANANAS;SEASHELLS;4965.0;1
775600;;;BANANAS;SEASHELLS;4969.0;1
775800;;;BANANAS;SEASHELLS;4970.0;1
775900;;;BANANAS;SEASHELLS;4964.0;1
775900;;;BANANAS;SEASHELLS;4963.0;1
776100;;;BANANAS;SEASHELLS;4968.0;1
776300;;;BANANAS;SEASHELLS;4968.0;1
776300;;;BANANAS;SEASHELLS;4961.0;1
776400;;;BANANAS;SEASHELLS;4961.0;1
776900;;;BANANAS;SEASHELLS;4968.0;3
777000;;;BANANAS;SEASHELLS;4962.0;1
777200;;;BANANAS;SEASHELLS;4961.0;1
777400;;;BANANAS;SEASHELLS;4961.0;1
777800;;;BANANAS;SEASHELLS;4965.0;1
778200;;;BANANAS;SEASHELLS;4965.0;2
778900;;;BANANAS;SEASHELLS;4963.0;11
779100;;;BANANAS;SEASHELLS;4963.0;3
779800;;;BANANAS;SEASHELLS;4963.0;1
779900;;;BANANAS;SEASHELLS;4964.0;1
780100;;;BANANAS;SEASHELLS;4957.0;1
780400;;;BANANAS;SEASHELLS;4963.0;5
780500;;;BANANAS;SEASHELLS;4962.0;1
780700;;;BANANAS;SEASHELLS;4962.0;3
781000;;;BANANAS;SEASHELLS;4961.0;2
781100;;;BANANAS;SEASHELLS;4964.0;2
781300;;;BANANAS;SEASHELLS;4958.0;7
781300;;;BANANAS;SEASHELLS;4957.0;1
781500;;;BANANAS;SEASHELLS;4958.0;1
781600;;;BANANAS;SEASHELLS;4958.0;1
782200;;;BANANAS;SEASHELLS;4957.0;1
782300;;;BANANAS;SEASHELLS;4957.0;1
782700;;;BANANAS;SEASHELLS;4962.0;1
783300;;;BANANAS;SEASHELLS;4962.0;1
783600;;;BANANAS;SEASHELLS;4957.0;1
784100;;;BANANAS;SEASHELLS;4956.0;1
784400;;;BANANAS;SEASHELLS;4964.0;19
784700;;;BANANAS;SEASHELLS;4962.0;1
785000;;;BANANAS;SEASHELLS;4962.0;5
785700;;;BANANAS;SEASHELLS;4966.0;12
785700;;;BANANAS;SEASHELLS;4966.0;1
786900;;;BANANAS;SEASHELLS;4965.0;1
788100;;;BANANAS;SEASHELLS;4958.0;9
788300;;;BANANAS;SEASHELLS;4965.0;1
788700;;;BANANAS;SEASHELLS;4963.0;1
788700;;;BANANAS;SEASHELLS;4958.0;19
788900;;;BANANAS;SEASHELLS;4964.0;2
789100;;;BANANAS;SEASHELLS;4963.0;1
790000;;;BANANAS;SEASHELLS;4958.0;1
790400;;;BANANAS;SEASHELLS;4965.0;4
790600;;;BANANAS;SEASHELLS;4963.0;1
790700;;;BANANAS;SEASHELLS;4958.0;1
791600;;;BANANAS;SEASHELLS;4962.0;1
792100;;;BANANAS;SEASHELLS;4964.0;1
792200;;;BANANAS;SEASHELLS;4964.0;1
792300;;;BANANAS;SEASHELLS;4964.0;1
792500;;;BANANAS;SEASHELLS;4963.0;1
792800;;;BANANAS;SEASHELLS;4959.0;1
792900;;;BANANAS;SEASHELLS;4959.0;1
793300;;;BANANAS;SEASHELLS;4957.0;12
793400;;;BANANAS;SEASHELLS;4963.0;1
793500;;;BANANAS;SEASHELLS;4958.0;1
793700;;;BANANAS;SEASHELLS;4958.0;1
795000;;;BANANAS;SEASHELLS;4962.0;1
795900;;;BANANAS;SEASHELLS;4963.0;4
796300;;;BANANAS;SEASHELLS;4957.0;3
796600;;;BANANAS;SEASHELLS;4957.0;1
796900;;;BANANAS;SEASHELLS;4957.0;1
797300;;;BANANAS;SEASHELLS;4962.0;1
797800;;;BANANAS;SEASHELLS;4957.0;1
797900;;;BANANAS;SEASHELLS;4964.0;2
798100;;;BANANAS;SEASHELLS;4963.0;1
799200;;;BANANAS;SEASHELLS;4957.0;1
799300;;;BANANAS;SEASHELLS;4963.0;2
799500;;;BANANAS;SEASHELLS;4956.0;1
799800;;;BANANAS;SEASHELLS;4962.0;2
799900;;;BANANAS;SEASHELLS;4961.0;1
800800;;;BANANAS;SEASHELLS;4956.0;4
801100;;;BANANAS;SEASHELLS;4961.0;1
801200;;;BANANAS;SEASHELLS;4955.0;1
801900;;;BANANAS;SEASHELLS;4960.0;3
802100;;;BANANAS;SEASHELLS;4955.0;1
803200;;;BANANAS;SEASHELLS;4959.0;2
803300;;;BANANAS;SEASHELLS;4953.0;1
803700;;;BANANAS;SEASHELLS;4958.0;1
804400;;;BANANAS;SEASHELLS;4953.0;2
804700;;;BANANAS;SEASHELLS;4953.0;1
804700;;;BANANAS;SEASHELLS;4952.0;1
804800;;;BANANAS;SEASHELLS;4959.0;1
805600;;;BANANAS;SEASHELLS;4954.0;2
805700;;;BANANAS;SEASHELLS;4959.0;1
805900;;;BANANAS;SEASHELLS;4954.0;1
806000;;;BANANAS;SEASHELLS;4955.0;2
806600;;;BANANAS;SEASHELLS;4957.0;2
807200;;;BANANAS;SEASHELLS;4961.0;1
807300;;;BANANAS;SEASHELLS;4961.0;1
807400;;;BANANAS;SEASHELLS;4956.0;1
807600;;;BANANAS;SEASHELLS;4957.0;1
807800;;;BANANAS;SEASHELLS;4962.0;7
807800;;;BANANAS;SEASHELLS;4962.0;1
807900;;;BANANAS;SEASHELLS;4963.0;3
808400;;;BANANAS;SEASHELLS;4955.0;7
809000;;;BANANAS;SEASHELLS;4955.0;1
809100;;;BANANAS;SEASHELLS;4956.0;1
809200;;;BANANAS;SEASHELLS;4960.0;1
809300;;;BANANAS;SEASHELLS;4956.0;5
809600;;;BANANAS;SEASHELLS;4960.0;2
809600;;;BANANAS;SEASHELLS;4960.0;3
810100;;;BANANAS;SEASHELLS;4962.0;2
810300;;;BANANAS;SEASHELLS;4956.0;1
810500;;;BANANAS;SEASHELLS;4961.0;1
810600;;;BANANAS;SEASHELLS;4955.0;1
811200;;;BANANAS;SEASHELLS;4956.0;2
811200;;;BANANAS;SEASHELLS;4956.0;1
811500;;;BANANAS;SEASHELLS;4962.0;1
811700;;;BANANAS;SEASHELLS;4963.0;15
812200;;;BANANAS;SEASHELLS;4962.0;1
812500;;;BANANAS;SEASHELLS;4963.0;1
812600;;;BANANAS;SEASHELLS;4961.0;5
812700;;;BANANAS;SEASHELLS;4958.0;2
813000;;;BANANAS;SEASHELLS;4958.0;10
813300;;;BANANAS;SEASHELLS;4965.0;8
813600;;;BANANAS;SEASHELLS;4965.0;8
814200;;;BANANAS;SEASHELLS;4958.0;2
814900;;;BANANAS;SEASHELLS;4964.0;1
815100;;;BANANAS;SEASHELLS;4960.0;1
816000;;;BANANAS;SEASHELLS;4961.0;1
816400;;;BANANAS;SEASHELLS;4965.0;4
816400;;;BANANAS;SEASHELLS;4965.0;1
819200;;;BANANAS;SEASHELLS;4966.0;4
819200;;;BANANAS;SEASHELLS;4966.0;6
819300;;;BANANAS;SEASHELLS;4966.0;1
820500;;;BANANAS;SEASHELLS;4967.0;2
820800;;;BANANAS;SEASHELLS;4967.0;2
821500;;;BANANAS;SEASHELLS;4968.0;11
821600;;;BANANAS;SEASHELLS;4962.0;1
822300;;;BANANAS;SEASHELLS;4964.0;2
822300;;;BANANAS;SEASHELLS;4963.0;1
822400;;;BANANAS;SEASHELLS;4964.0;1
822500;;;BANANAS;SEASHELLS;4968.0;2
823000;;;BANANAS;SEASHELLS;4967.0;3
824300;;;BANANAS;SEASHELLS;4964.0;2
824800;;;BANANAS;SEASHELLS;4970.0;2
824900;;;BANANAS;SEASHELLS;4969.0;4
824900;;;BANANAS;SEASHELLS;4969.0;8
825000;;;BANANAS;SEASHELLS;4970.0;4
825500;;;BANANAS;SEASHELLS;4965.0;1
826000;;;BANANAS;SEASHELLS;4966.0;4
827000;;;BANANAS;SEASHELLS;4964.0;1
827600;;;BANANAS;SEASHELLS;4964.0;3
828100;;;BANANAS;SEASHELLS;4964.0;1
828200;;;BANANAS;SEASHELLS;4970.0;9
828200;;;BANANAS;SEASHELLS;4970.0;2
828900;;;BANANAS;SEASHELLS;4970.0;2
828900;;;BANANAS;SEASHELLS;4964.0;1
829000;;;BANANAS;SEASHELLS;4970.0;2
829300;;;BANANAS;SEASHELLS;4964.0;1
829400;;;BANANAS;SEASHELLS;4969.0;1
830000;;;BANANAS;SEASHELLS;4969.0;5
830000;;;BANANAS;SEASHELLS;4969.0;1
830400;;;BANANAS;SEASHELLS;4965.0;1
830600;;;BANANAS;SEASHELLS;4969.0;1
830800;;;BANANAS;SEASHELLS;4970.0;1
830900;;;BANANAS;SEASHELLS;4971.0;12
832600;;;BANANAS;SEASHELLS;4962.0;1
832900;;;BANANAS;SEASHELLS;4963.0;1
833200;;;BANANAS;SEASHELLS;4962.0;1
834100;;;BANANAS;SEASHELLS;4962.0;1
834300;;;BANANAS;SEASHELLS;4961.0;1
835800;;;BANANAS;SEASHELLS;4963.0;1
836000;;;BANANAS;SEASHELLS;4963.0;3
836900;;;BANANAS;SEASHELLS;4967.0;4
837200;;;BANANAS;SEASHELLS;4963.0;4
837300;;;BANANAS;SEASHELLS;4964.0;5
837600;;;BANANAS;SEASHELLS;4963.0;1
838400;;;BANANAS;SEASHELLS;4968.0;1
839100;;;BANANAS;SEASHELLS;4961.0;12
839200;;;BANANAS;SEASHELLS;4962.0;17
839200;;;BANANAS;SEASHELLS;4962.0;1
839700;;;BANANAS;SEASHELLS;4965.0;2
840400;;;BANANAS;SEASHELLS;4966.0;1
841000;;;BANANAS;SEASHELLS;4963.0;5
841400;;;BANANAS;SEASHELLS;4960.0;1
841800;;;BANANAS;SEASHELLS;4960.0;13
841800;;;BANANAS;SEASHELLS;4960.0;2
841800;;;BANANAS;SEASHELLS;4966.0;1
841900;;;BANANAS;SEASHELLS;4967.0;1
842300;;;BANANAS;SEASHELLS;4966.0;1
842400;;;BANANAS;SEASHELLS;4967.0;1
842600;;;BANANAS;SEASHELLS;4967.0;1
842600;;;BANANAS;SEASHELLS;4966.0;2
843200;;;BANANAS;SEASHELLS;4969.0;1
843300;;;BANANAS;SEASHELLS;4964.0;1
843700;;;BANANAS;SEASHELLS;4963.0;2
843900;;;BANANAS;SEASHELLS;4963.0;13
844800;;;BANANAS;SEASHELLS;4962.0;1
845200;;;BANANAS;SEASHELLS;4962.0;3
845600;;;BANANAS;SEASHELLS;4967.0;1
845900;;;BANANAS;SEASHELLS;4968.0;1
846200;;;BANANAS;SEASHELLS;4963.0;1
846400;;;BANANAS;SEASHELLS;4969.0;1
847200;;;BANANAS;SEASHELLS;4969.0;2
847300;;;BANANAS;SEASHELLS;4962.0;1
847600;;;BANANAS;SEASHELLS;4962.0;1
847800;;;BANANAS;SEASHELLS;4962.0;3
847800;;;BANANAS;SEASHELLS;4962.0;2
847900;;;BANANAS;SEASHELLS;4967.0;1
848200;;;BANANAS;SEASHELLS;4966.0;8
848200;;;BANANAS;SEASHELLS;4966.0;1
848300;;;BANANAS;SEASHELLS;4962.0;6
849400;;;BANANAS;SEASHELLS;4968.0;1
850000;;;BANANAS;SEASHELLS;4969.0;1
850200;;;BANANAS;SEASHELLS;4961.0;12
850400;;;BANANAS;SEASHELLS;4967.0;1
850600;;;BANANAS;SEASHELLS;4962.0;1
850600;;;BANANAS;SEASHELLS;4967.0;1
851400;;;BANANAS;SEASHELLS;4960.0;1
851800;;;BANANAS;SEASHELLS;4967.0;2
851900;;;BANANAS;SEASHELLS;4967.0;2
852400;;;BANANAS;SEASHELLS;4962.0;1
852700;;;BANANAS;SEASHELLS;4969.0;12
852800;;;BANANAS;SEASHELLS;4963.0;1
853200;;;BANANAS;SEASHELLS;4968.0;1
854300;;;BANANAS;SEASHELLS;4971.0;1
854500;;;BANANAS;SEASHELLS;4970.0;1
854900;;;BANANAS;SEASHELLS;4970.0;3
855000;;;BANANAS;SEASHELLS;4969.0;1
855200;;;BANANAS;SEASHELLS;4970.0;2
855400;;;BANANAS;SEASHELLS;4965.0;20
855800;;;BANANAS;SEASHELLS;4970.0;1
856200;;;BANANAS;SEASHELLS;4965.0;1
856300;;;BANANAS;SEASHELLS;4970.0;1
857000;;;BANANAS;SEASHELLS;4971.0;1
857200;;;BANANAS;SEASHELLS;4967.0;2
857600;;;BANANAS;SEASHELLS;4968.0;1
858100;;;BANANAS;SEASHELLS;4968.0;1
858300;;;BANANAS;SEASHELLS;4973.0;1
858500;;;BANANAS;SEASHELLS;4975.0;11
858800;;;BANANAS;SEASHELLS;4970.0;1
860500;;;BANANAS;SEASHELLS;4971.0;1
860600;;;BANANAS;SEASHELLS;4970.0;1
860700;;;BANANAS;SEASHELLS;4975.0;1
861500;;;BANANAS;SEASHELLS;4977.0;1
862000;;;BANANAS;SEASHELLS;4977.0;2
862200;;;BANANAS;SEASHELLS;4970.0;1
862200;;;BANANAS;SEASHELLS;4970.0;1
862900;;;BANANAS;SEASHELLS;4974.0;1
862900;;;BANANAS;SEASHELLS;4973.0;1
863000;;;BANANAS;SEASHELLS;4969.0;5
863300;;;BANANAS;SEASHELLS;4975.0;13
863800;;;BANANAS;SEASHELLS;4977.0;1
864200;;;BANANAS;SEASHELLS;4976.0;1
865000;;;BANANAS;SEASHELLS;4972.0;1
865300;;;BANANAS;SEASHELLS;4977.0;1
865500;;;BANANAS;SEASHELLS;4977.0;1
865900;;;BANANAS;SEASHELLS;4972.0;1
866200;;;BANANAS;SEASHELLS;4972.0;3
867200;;;BANANAS;SEASHELLS;4975.0;1
868100;;;BANANAS;SEASHELLS;4972.0;1
869700;;;BANANAS;SEASHELLS;4970.0;5
869700;;;BANANAS;SEASHELLS;4969.0;1
870500;;;BANANAS;SEASHELLS;4974.0;20
870900;;;BANANAS;SEASHELLS;4967.0;2
871000;;;BANANAS;SEASHELLS;4968.0;7
871700;;;BANANAS;SEASHELLS;4972.0;1
871800;;;BANANAS;SEASHELLS;4972.0;1
871900;;;BANANAS;SEASHELLS;4967.0;11
872000;;;BANANAS;SEASHELLS;4966.0;2
872100;;;BANANAS;SEASHELLS;4967.0;2
872400;;;BANANAS;SEASHELLS;4972.0;1
873200;;;BANANAS;SEASHELLS;4973.0;1
873300;;;BANANAS;SEASHELLS;4974.0;5
874200;;;BANANAS;SEASHELLS;4966.0;1
874600;;;BANANAS;SEASHELLS;4967.0;1
874700;;;BANANAS;SEASHELLS;4966.0;1
874800;;;BANANAS;SEASHELLS;4972.0;1
875500;;;BANANAS;SEASHELLS;4973.0;14
875600;;;BANANAS;SEASHELLS;4971.0;1
875700;;;BANANAS;SEASHELLS;4966.0;1
875900;;;BANANAS;SEASHELLS;4966.0;1
876800;;;BANANAS;SEASHELLS;4972.0;1
877000;;;BANANAS;SEASHELLS;4972.0;1
877600;;;BANANAS;SEASHELLS;4968.0;1
877600;;;BANANAS;SEASHELLS;4969.0;3
877900;;;BANANAS;SEASHELLS;4968.0;1
880100;;;BANANAS;SEASHELLS;4972.0;1
880400;;;BANANAS;SEASHELLS;4967.0;4
880600;;;BANANAS;SEASHELLS;4972.0;13
881100;;;BANANAS;SEASHELLS;4970.0;1
881200;;;BANANAS;SEASHELLS;4965.0;12
881400;;;BANANAS;SEASHELLS;4970.0;1
881600;;;BANANAS;SEASHELLS;4971.0;1
881800;;;BANANAS;SEASHELLS;4971.0;4
882100;;;BANANAS;SEASHELLS;4970.0;10
882800;;;BANANAS;SEASHELLS;4971.0;1
883000;;;BANANAS;SEASHELLS;4970.0;3
883300;;;BANANAS;SEASHELLS;4971.0;1
883700;;;BANANAS;SEASHELLS;4966.0;2
883900;;;BANANAS;SEASHELLS;4964.0;1
884600;;;BANANAS;SEASHELLS;4969.0;5
885300;;;BANANAS;SEASHELLS;4965.0;8
885400;;;BANANAS;SEASHELLS;4964.0;7
885500;;;BANANAS;SEASHELLS;4964.0;1
886200;;;BANANAS;SEASHELLS;4971.0;1
886300;;;BANANAS;SEASHELLS;4972.0;1
886400;;;BANANAS;SEASHELLS;4966.0;1
886600;;;BANANAS;SEASHELLS;4965.0;1
886900;;;BANANAS;SEASHELLS;4971.0;4
886900;;;BANANAS;SEASHELLS;4971.0;1
886900;;;BANANAS;SEASHELLS;4967.0;2
887700;;;BANANAS;SEASHELLS;4967.0;2
887800;;;BANANAS;SEASHELLS;4970.0;1
888400;;;BANANAS;SEASHELLS;4974.0;2
888800;;;BANANAS;SEASHELLS;4968.0;1
888800;;;BANANAS;SEASHELLS;4975.0;1
888900;;;BANANAS;SEASHELLS;4968.0;1
889100;;;BANANAS;SEASHELLS;4973.0;1
889300;;;BANANAS;SEASHELLS;4973.0;1
889800;;;BANANAS;SEASHELLS;4974.0;3
890000;;;BANANAS;SEASHELLS;4969.0;1
890100;;;BANANAS;SEASHELLS;4969.0;1
890200;;;BANANAS;SEASHELLS;4973.0;4
890300;;;BANANAS;SEASHELLS;4973.0;1
890900;;;BANANAS;SEASHELLS;4975.0;1
891500;;;BANANAS;SEASHELLS;4970.0;2
891900;;;BANANAS;SEASHELLS;4968.0;8
892500;;;BANANAS;SEASHELLS;4968.0;1
893400;;;BANANAS;SEASHELLS;4970.0;1
894100;;;BANANAS;SEASHELLS;4975.0;1
894700;;;BANANAS;SEASHELLS;4969.0;1
895000;;;BANANAS;SEASHELLS;4971.0;1
895300;;;BANANAS;SEASHELLS;4974.0;7
895300;;;BANANAS;SEASHELLS;4974.0;13
895400;;;BANANAS;SEASHELLS;4969.0;1
895600;;;BANANAS;SEASHELLS;4974.0;1
896000;;;BANANAS;SEASHELLS;4969.0;1
897000;;;BANANAS;SEASHELLS;4968.0;1
897200;;;BANANAS;SEASHELLS;4969.0;2
897800;;;BANANAS;SEASHELLS;4974.0;12
898200;;;BANANAS;SEASHELLS;4970.0;1
898600;;;BANANAS;SEASHELLS;4970.0;1
898800;;;BANANAS;SEASHELLS;4969.0;8
899000;;;BANANAS;SEASHELLS;4974.0;1
899300;;;BANANAS;SEASHELLS;4975.0;1
899500;;;BANANAS;SEASHELLS;4975.0;1
900100;;;BANANAS;SEASHELLS;4967.0;1
900300;;;BANANAS;SEASHELLS;4968.0;1
900700;;;BANANAS;SEASHELLS;4969.0;1
901900;;;BANANAS;SEASHELLS;4973.0;1
902400;;;BANANAS;SEASHELLS;4972.0;4
902400;;;BANANAS;SEASHELLS;4972.0;6
902400;;;BANANAS;SEASHELLS;4974.0;1
902500;;;BANANAS;SEASHELLS;4968.0;1
902500;;;BANANAS;SEASHELLS;4968.0;2
902500;;;BANANAS;SEASHELLS;4968.0;2
902800;;;BANANAS;SEASHELLS;4968.0;1
902900;;;BANANAS;SEASHELLS;4968.0;6
903000;;;BANANAS;SEASHELLS;4973.0;1
903000;;;BANANAS;SEASHELLS;4968.0;9
903300;;;BANANAS;SEASHELLS;4967.0;1
903600;;;BANANAS;SEASHELLS;4968.0;1
904900;;;BANANAS;SEASHELLS;4970.0;1
905100;;;BANANAS;SEASHELLS;4964.0;1
905200;;;BANANAS;SEASHELLS;4965.0;4
905800;;;BANANAS;SEASHELLS;4971.0;2
906100;;;BANANAS;SEASHELLS;4969.0;1
906200;;;BANANAS;SEASHELLS;4970.0;1
907000;;;BANANAS;SEASHELLS;4967.0;1
907100;;;BANANAS;SEASHELLS;4965.0;2
907200;;;BANANAS;SEASHELLS;4969.0;5
907300;;;BANANAS;SEASHELLS;4971.0;1
907400;;;BANANAS;SEASHELLS;4971.0;1
908000;;;BANANAS;SEASHELLS;4971.0;1
908200;;;BANANAS;SEASHELLS;4970.0;1
908300;;;BANANAS;SEASHELLS;4971.0;10
908600;;;BANANAS;SEASHELLS;4969.0;2
909600;;;BANANAS;SEASHELLS;4964.0;10
909600;;;BANANAS;SEASHELLS;4964.0;1
910200;;;BANANAS;SEASHELLS;4965.0;1
911500;;;BANANAS;SEASHELLS;4971.0;1
911700;;;BANANAS;SEASHELLS;4972.0;12
911700;;;BANANAS;SEASHELLS;4966.0;7
911900;;;BANANAS;SEASHELLS;4972.0;1
912100;;;BANANAS;SEASHELLS;4966.0;11
912300;;;BANANAS;SEASHELLS;4968.0;1
912800;;;BANANAS;SEASHELLS;4973.0;12
913000;;;BANANAS;SEASHELLS;4968.0;1
914200;;;BANANAS;SEASHELLS;4968.0;1
914300;;;BANANAS;SEASHELLS;4973.0;1
914500;;;BANANAS;SEASHELLS;4967.0;1
914500;;;BANANAS;SEASHELLS;4971.0;6
915200;;;BANANAS;SEASHELLS;4965.0;1
915400;;;BANANAS;SEASHELLS;4965.0;1
915400;;;BANANAS;SEASHELLS;4965.0;1
915600;;;BANANAS;SEASHELLS;4966.0;5
916000;;;BANANAS;SEASHELLS;4971.0;6
916400;;;BANANAS;SEASHELLS;4973.0;2
916500;;;BANANAS;SEASHELLS;4967.0;1
917400;;;BANANAS;SEASHELLS;4969.0;1
918100;;;BANANAS;SEASHELLS;4972.0;2
918400;;;BANANAS;SEASHELLS;4974.0;20
918500;;;BANANAS;SEASHELLS;4971.0;2
919000;;;BANANAS;SEASHELLS;4972.0;3
919200;;;BANANAS;SEASHELLS;4974.0;1
919200;;;BANANAS;SEASHELLS;4968.0;1
919300;;;BANANAS;SEASHELLS;4968.0;1
919600;;;BANANAS;SEASHELLS;4971.0;1
920000;;;BANANAS;SEASHELLS;4967.0;1
920300;;;BANANAS;SEASHELLS;4972.0;3
920700;;;BANANAS;SEASHELLS;4970.0;9
920800;;;BANANAS;SEASHELLS;4969.0;1
921000;;;BANANAS;SEASHELLS;4972.0;1
921300;;;BANANAS;SEASHELLS;4971.0;1
921800;;;BANANAS;SEASHELLS;4971.0;1
922100;;;BANANAS;SEASHELLS;4968.0;1
922400;;;BANANAS;SEASHELLS;4974.0;1
922500;;;BANANAS;SEASHELLS;4972.0;12
922800;;;BANANAS;SEASHELLS;4967.0;2
922900;;;BANANAS;SEASHELLS;4974.0;1
922900;;;BANANAS;SEASHELLS;4968.0;13
923000;;;BANANAS;SEASHELLS;4968.0;1
923500;;;BANANAS;SEASHELLS;4966.0;4
923600;;;BANANAS;SEASHELLS;4966.0;2
923800;;;BANANAS;SEASHELLS;4966.0;1
924000;;;BANANAS;SEASHELLS;4972.0;2
924300;;;BANANAS;SEASHELLS;4972.0;19
924600;;;BANANAS;SEASHELLS;4971.0;1
924900;;;BANANAS;SEASHELLS;4966.0;1
925000;;;BANANAS;SEASHELLS;4971.0;1
926500;;;BANANAS;SEASHELLS;4966.0;8
926700;;;BANANAS;SEASHELLS;4966.0;1
926800;;;BANANAS;SEASHELLS;4969.0;1
927100;;;BANANAS;SEASHELLS;4965.0;2
927900;;;BANANAS;SEASHELLS;4970.0;11
928000;;;BANANAS;SEASHELLS;4972.0;9
928900;;;BANANAS;SEASHELLS;4963.0;1
928900;;;BANANAS;SEASHELLS;4964.0;1
929000;;;BANANAS;SEASHELLS;4969.0;1
929000;;;BANANAS;SEASHELLS;4963.0;1
929000;;;BANANAS;SEASHELLS;4969.0;9
929400;;;BANANAS;SEASHELLS;4971.0;11
929600;;;BANANAS;SEASHELLS;4964.0;2
929600;;;BANANAS;SEASHELLS;4964.0;5
929700;;;BANANAS;SEASHELLS;4965.0;3
929700;;;BANANAS;SEASHELLS;4965.0;1
930000;;;BANANAS;SEASHELLS;4964.0;1
931100;;;BANANAS;SEASHELLS;4968.0;1
931600;;;BANANAS;SEASHELLS;4963.0;10
931900;;;BANANAS;SEASHELLS;4965.0;4
932600;;;BANANAS;SEASHELLS;4964.0;1
933000;;;BANANAS;SEASHELLS;4964.0;2
933000;;;BANANAS;SEASHELLS;4965.0;16
933000;;;BANANAS;SEASHELLS;4965.0;2
933100;;;BANANAS;SEASHELLS;4965.0;1
933600;;;BANANAS;SEASHELLS;4967.0;1
934000;;;BANANAS;SEASHELLS;4969.0;6
934000;;;BANANAS;SEASHELLS;4971.0;1
935100;;;BANANAS;SEASHELLS;4968.0;1
935300;;;BANANAS;SEASHELLS;4968.0;1
935500;;;BANANAS;SEASHELLS;4967.0;1
936400;;;BANANAS;SEASHELLS;4965.0;1
936500;;;BANANAS;SEASHELLS;4959.0;1
936800;;;BANANAS;SEASHELLS;4962.0;4
936900;;;BANANAS;SEASHELLS;4962.0;5
937300;;;BANANAS;SEASHELLS;4963.0;3
937600;;;BANANAS;SEASHELLS;4963.0;1
937800;;;BANANAS;SEASHELLS;4958.0;1
937900;;;BANANAS;SEASHELLS;4958.0;1
938200;;;BANANAS;SEASHELLS;4964.0;3
938300;;;BANANAS;SEASHELLS;4962.0;1
939100;;;BANANAS;SEASHELLS;4956.0;1
939200;;;BANANAS;SEASHELLS;4956.0;1
939300;;;BANANAS;SEASHELLS;4956.0;1
940400;;;BANANAS;SEASHELLS;4963.0;1
941000;;;BANANAS;SEASHELLS;4963.0;1
941100;;;BANANAS;SEASHELLS;4963.0;9
941200;;;BANANAS;SEASHELLS;4961.0;1
941700;;;BANANAS;SEASHELLS;4963.0;1
941900;;;BANANAS;SEASHELLS;4956.0;1
942800;;;BANANAS;SEASHELLS;4962.0;1
942900;;;BANANAS;SEASHELLS;4957.0;1
943100;;;BANANAS;SEASHELLS;4958.0;10
943500;;;BANANAS;SEASHELLS;4958.0;1
943800;;;BANANAS;SEASHELLS;4958.0;1
944200;;;BANANAS;SEASHELLS;4963.0;1
944400;;;BANANAS;SEASHELLS;4958.0;4
944400;;;BANANAS;SEASHELLS;4958.0;4
944400;;;BANANAS;SEASHELLS;4958.0;1
944800;;;BANANAS;SEASHELLS;4958.0;1
944800;;;BANANAS;SEASHELLS;4958.0;8
945100;;;BANANAS;SEASHELLS;4963.0;1
945400;;;BANANAS;SEASHELLS;4964.0;1
946000;;;BANANAS;SEASHELLS;4957.0;1
946500;;;BANANAS;SEASHELLS;4960.0;6
946500;;;BANANAS;SEASHELLS;4960.0;1
947900;;;BANANAS;SEASHELLS;4959.0;1
948400;;;BANANAS;SEASHELLS;4953.0;10
948400;;;BANANAS;SEASHELLS;4953.0;1
948600;;;BANANAS;SEASHELLS;4953.0;1
949600;;;BANANAS;SEASHELLS;4956.0;1
949800;;;BANANAS;SEASHELLS;4951.0;1
950400;;;BANANAS;SEASHELLS;4952.0;2
950800;;;BANANAS;SEASHELLS;4956.0;2
951400;;;BANANAS;SEASHELLS;4958.0;2
951500;;;BANANAS;SEASHELLS;4952.0;2
951500;;;BANANAS;SEASHELLS;4952.0;7
951800;;;BANANAS;SEASHELLS;4952.0;1
952000;;;BANANAS;SEASHELLS;4951.0;1
952200;;;BANANAS;SEASHELLS;4951.0;1
952600;;;BANANAS;SEASHELLS;4950.0;1
952600;;;BANANAS;SEASHELLS;4955.0;1
952900;;;BANANAS;SEASHELLS;4952.0;1
953000;;;BANANAS;SEASHELLS;4952.0;1
953200;;;BANANAS;SEASHELLS;4957.0;1
953200;;;BANANAS;SEASHELLS;4958.0;2
