timestamp;buyer;seller;symbol;currency;price;quantity
0;;;PEARLS;SEASHELLS;9996.0;1
0;;;PEARLS;SEASHELLS;9996.0;1
1500;;;PEARLS;SEASHELLS;10004.0;1
2500;;;PEARLS;SEASHELLS;9998.0;1
3200;;;PEARLS;SEASHELLS;9996.0;1
3300;;;PEARLS;SEASHELLS;9995.0;2
3600;;;PEARLS;SEASHELLS;10005.0;6
4000;;;PEARLS;SEASHELLS;9998.0;1
4200;;;PEARLS;SEASHELLS;10004.0;2
4200;;;PEARLS;SEASHELLS;10004.0;1
6700;;;PEARLS;SEASHELLS;9998.0;2
7400;;;PEARLS;SEASHELLS;10002.0;1
7500;;;PEARLS;SEASHELLS;10002.0;1
8600;;;PEARLS;SEASHELLS;10002.0;1
8700;;;PEARLS;SEASHELLS;10002.0;2
8800;;;PEARLS;SEASHELLS;10002.0;1
9600;;;PEARLS;SEASHELLS;10000.0;3
10100;;;PEARLS;SEASHELLS;9998.0;1
10200;;;PEARLS;SEASHELLS;9996.0;1
11100;;;PEARLS;SEASHELLS;10005.0;2
13000;;;PEARLS;SEASHELLS;9998.0;1
13600;;;PEARLS;SEASHELLS;9998.0;1
13900;;;PEARLS;SEASHELLS;9996.0;1
13900;;;PEARLS;SEASHELLS;9996.0;1
14000;;;PEARLS;SEASHELLS;10005.0;7
15100;;;PEARLS;SEASHELLS;10005.0;4
15400;;;PEARLS;SEASHELLS;10002.0;5
17300;;;PEARLS;SEASHELLS;10002.0;1
18200;;;PEARLS;SEASHELLS;9998.0;1
18300;;;PEARLS;SEASHELLS;10005.0;2
18300;;;PEARLS;SEASHELLS;9998.0;1
18500;;;PEARLS;SEASHELLS;10005.0;5
19500;;;PEARLS;SEASHELLS;10002.0;1
19600;;;PEARLS;SEASHELLS;10002.0;1
19900;;;PEARLS;SEASHELLS;10002.0;1
20200;;;PEARLS;SEASHELLS;10002.0;1
20600;;;PEARLS;SEASHELLS;9998.0;1
20600;;;PEARLS;SEASHELLS;9995.0;9
20900;;;PEARLS;SEASHELLS;9998.0;1
21300;;;PEARLS;SEASHELLS;10002.0;1
22700;;;PEARLS;SEASHELLS;9998.0;1
23000;;;PEARLS;SEASHELLS;9998.0;4
23300;;;PEARLS;SEASHELLS;9998.0;2
23900;;;PEARLS;SEASHELLS;9998.0;3
23900;;;PEARLS;SEASHELLS;9995.0;8
24300;;;PEARLS;SEASHELLS;10002.0;1
24600;;;PEARLS;SEASHELLS;9996.0;2
24600;;;PEARLS;SEASHELLS;9996.0;2
25100;;;PEARLS;SEASHELLS;10002.0;1
25600;;;PEARLS;SEASHELLS;10004.0;2
25700;;;PEARLS;SEASHELLS;10002.0;8
25700;;;PEARLS;SEASHELLS;10002.0;3
26400;;;PEARLS;SEASHELLS;10005.0;9
27000;;;PEARLS;SEASHELLS;10002.0;1
27700;;;PEARLS;SEASHELLS;9998.0;1
27700;;;PEARLS;SEASHELLS;9998.0;3
27900;;;PEARLS;SEASHELLS;10002.0;4
28000;;;PEARLS;SEASHELLS;10005.0;1
28300;;;PEARLS;SEASHELLS;9998.0;1
28300;;;PEARLS;SEASHELLS;9998.0;2
28600;;;PEARLS;SEASHELLS;9998.0;1
29400;;;PEARLS;SEASHELLS;10005.0;2
29500;;;PEARLS;SEASHELLS;9998.0;3
29500;;;PEARLS;SEASHELLS;9998.0;2
30400;;;PEARLS;SEASHELLS;10004.0;1
30400;;;PEARLS;SEASHELLS;10004.0;6
31000;;;PEARLS;SEASHELLS;9996.0;1
31300;;;PEARLS;SEASHELLS;9998.0;1
31600;;;PEARLS;SEASHELLS;10002.0;3
31800;;;PEARLS;SEASHELLS;10002.0;1
32100;;;PEARLS;SEASHELLS;10002.0;4
32500;;;PEARLS;SEASHELLS;10002.0;1
32800;;;PEARLS;SEASHELLS;9996.0;2
32800;;;PEARLS;SEASHELLS;9995.0;2
33500;;;PEARLS;SEASHELLS;10002.0;3
34000;;;PEARLS;SEASHELLS;9998.0;1
34100;;;PEARLS;SEASHELLS;10002.0;1
35600;;;PEARLS;SEASHELLS;10002.0;1
36300;;;PEARLS;SEASHELLS;10005.0;1
36500;;;PEARLS;SEASHELLS;10005.0;4
37400;;;PEARLS;SEASHELLS;10002.0;1
37900;;;PEARLS;SEASHELLS;9995.0;4
38400;;;PEARLS;SEASHELLS;10004.0;2
38500;;;PEARLS;SEASHELLS;10002.0;6
38900;;;PEARLS;SEASHELLS;9995.0;2
39100;;;PEARLS;SEASHELLS;10002.0;5
39300;;;PEARLS;SEASHELLS;9996.0;1
41500;;;PEARLS;SEASHELLS;10002.0;1
41500;;;PEARLS;SEASHELLS;10000.0;2
41600;;;PEARLS;SEASHELLS;9995.0;1
42900;;;PEARLS;SEASHELLS;10002.0;1
43100;;;PEARLS;SEASHELLS;10005.0;2
43400;;;PEARLS;SEASHELLS;10002.0;1
43700;;;PEARLS;SEASHELLS;9998.0;1
43900;;;PEARLS;SEASHELLS;10004.0;2
44000;;;PEARLS;SEASHELLS;9998.0;1
44800;;;PEARLS;SEASHELLS;9996.0;1
45100;;;PEARLS;SEASHELLS;9996.0;1
45800;;;PEARLS;SEASHELLS;9996.0;10
45800;;;PEARLS;SEASHELLS;9996.0;1
46200;;;PEARLS;SEASHELLS;9998.0;1
46300;;;PEARLS;SEASHELLS;9995.0;1
46800;;;PEARLS;SEASHELLS;9996.0;1
48300;;;PEARLS;SEASHELLS;9995.0;1
48600;;;PEARLS;SEASHELLS;10004.0;1
49300;;;PEARLS;SEASHELLS;10005.0;1
49700;;;PEARLS;SEASHELLS;9995.0;2
50200;;;PEARLS;SEASHELLS;9996.0;1
50400;;;PEARLS;SEASHELLS;9996.0;2
50900;;;PEARLS;SEASHELLS;9996.0;2
51000;;;PEARLS;SEASHELLS;9998.0;1
51600;;;PEARLS;SEASHELLS;10002.0;1
51900;;;PEARLS;SEASHELLS;10002.0;2
52000;;;PEARLS;SEASHELLS;9998.0;2
52700;;;PEARLS;SEASHELLS;10002.0;3
53000;;;PEARLS;SEASHELLS;9998.0;1
53200;;;PEARLS;SEASHELLS;10002.0;1
53300;;;PEARLS;SEASHELLS;9998.0;2
53600;;;PEARLS;SEASHELLS;9998.0;1
53700;;;PEARLS;SEASHELLS;10004.0;2
53900;;;PEARLS;SEASHELLS;10002.0;1
54300;;;PEARLS;SEASHELLS;9998.0;1
54600;;;PEARLS;SEASHELLS;9996.0;1
54600;;;PEARLS;SEASHELLS;9996.0;5
54900;;;PEARLS;SEASHELLS;10002.0;3
56100;;;PEARLS;SEASHELLS;10004.0;1
56500;;;PEARLS;SEASHELLS;9998.0;1
56700;;;PEARLS;SEASHELLS;10002.0;1
57000;;;PEARLS;SEASHELLS;10004.0;1
57100;;;PEARLS;SEASHELLS;10002.0;1
57200;;;PEARLS;SEASHELLS;10002.0;1
57300;;;PEARLS;SEASHELLS;10002.0;1
57700;;;PEARLS;SEASHELLS;10002.0;2
58400;;;PEARLS;SEASHELLS;9996.0;1
58600;;;PEARLS;SEASHELLS;9998.0;1
59500;;;PEARLS;SEASHELLS;10005.0;4
59700;;;PEARLS;SEASHELLS;10002.0;6
60200;;;PEARLS;SEASHELLS;9996.0;1
60200;;;PEARLS;SEASHELLS;9996.0;1
60300;;;PEARLS;SEASHELLS;9996.0;2
60300;;;PEARLS;SEASHELLS;9996.0;6
60400;;;PEARLS;SEASHELLS;9998.0;1
60500;;;PEARLS;SEASHELLS;9998.0;1
61100;;;PEARLS;SEASHELLS;10005.0;2
61100;;;PEARLS;SEASHELLS;10002.0;1
62300;;;PEARLS;SEASHELLS;10004.0;1
63200;;;PEARLS;SEASHELLS;9998.0;1
63300;;;PEARLS;SEASHELLS;9998.0;1
63500;;;PEARLS;SEASHELLS;9998.0;6
63700;;;PEARLS;SEASHELLS;9996.0;1
64200;;;PEARLS;SEASHELLS;9995.0;2
64500;;;PEARLS;SEASHELLS;10005.0;2
64500;;;PEARLS;SEASHELLS;10002.0;1
64900;;;PEARLS;SEASHELLS;10005.0;2
65300;;;PEARLS;SEASHELLS;10000.0;2
65300;;;PEARLS;SEASHELLS;9998.0;1
65500;;;PEARLS;SEASHELLS;9998.0;1
65600;;;PEARLS;SEASHELLS;9995.0;1
65800;;;PEARLS;SEASHELLS;9996.0;1
65900;;;PEARLS;SEASHELLS;9998.0;1
66000;;;PEARLS;SEASHELLS;9998.0;1
66700;;;PEARLS;SEASHELLS;9998.0;2
67400;;;PEARLS;SEASHELLS;9996.0;1
67900;;;PEARLS;SEASHELLS;9998.0;2
68000;;;PEARLS;SEASHELLS;10002.0;5
68000;;;PEARLS;SEASHELLS;10005.0;3
68100;;;PEARLS;SEASHELLS;10002.0;1
68500;;;PEARLS;SEASHELLS;10002.0;1
68900;;;PEARLS;SEASHELLS;10002.0;1
69300;;;PEARLS;SEASHELLS;10005.0;2
71600;;;PEARLS;SEASHELLS;9995.0;10
74100;;;PEARLS;SEASHELLS;10002.0;1
74400;;;PEARLS;SEASHELLS;10004.0;1
74900;;;PEARLS;SEASHELLS;10002.0;1
75200;;;PEARLS;SEASHELLS;9996.0;1
76400;;;PEARLS;SEASHELLS;10002.0;1
77700;;;PEARLS;SEASHELLS;9998.0;5
78000;;;PEARLS;SEASHELLS;10002.0;2
78300;;;PEARLS;SEASHELLS;9995.0;2
79000;;;PEARLS;SEASHELLS;10005.0;2
79000;;;PEARLS;SEASHELLS;10004.0;1
79500;;;PEARLS;SEASHELLS;10002.0;1
80300;;;PEARLS;SEASHELLS;10002.0;1
80800;;;PEARLS;SEASHELLS;10002.0;1
81300;;;PEARLS;SEASHELLS;9998.0;1
81700;;;PEARLS;SEASHELLS;10002.0;1
81800;;;PEARLS;SEASHELLS;9998.0;1
82300;;;PEARLS;SEASHELLS;10004.0;1
83200;;;PEARLS;SEASHELLS;9996.0;1
83200;;;PEARLS;SEASHELLS;9996.0;1
83700;;;PEARLS;SEASHELLS;10004.0;1
84600;;;PEARLS;SEASHELLS;10004.0;2
85000;;;PEARLS;SEASHELLS;9998.0;5
85700;;;PEARLS;SEASHELLS;9995.0;2
85700;;;PEARLS;SEASHELLS;10005.0;4
85900;;;PEARLS;SEASHELLS;9998.0;2
86000;;;PEARLS;SEASHELLS;10002.0;1
86300;;;PEARLS;SEASHELLS;9998.0;1
86500;;;PEARLS;SEASHELLS;10002.0;1
87900;;;PEARLS;SEASHELLS;10002.0;4
88300;;;PEARLS;SEASHELLS;10004.0;2
88500;;;PEARLS;SEASHELLS;10002.0;5
88600;;;PEARLS;SEASHELLS;9998.0;1
90100;;;PEARLS;SEASHELLS;10004.0;1
90700;;;PEARLS;SEASHELLS;10002.0;6
91000;;;PEARLS;SEASHELLS;9998.0;1
91400;;;PEARLS;SEASHELLS;10002.0;1
91900;;;PEARLS;SEASHELLS;10002.0;1
92300;;;PEARLS;SEASHELLS;9996.0;1
93000;;;PEARLS;SEASHELLS;10002.0;1
93100;;;PEARLS;SEASHELLS;9998.0;1
93300;;;PEARLS;SEASHELLS;9998.0;1
93500;;;PEARLS;SEASHELLS;9998.0;1
93700;;;PEARLS;SEASHELLS;10002.0;1
93900;;;PEARLS;SEASHELLS;9998.0;1
94700;;;PEARLS;SEASHELLS;9996.0;2
94700;;;PEARLS;SEASHELLS;9996.0;9
94800;;;PEARLS;SEASHELLS;10002.0;4
95100;;;PEARLS;SEASHELLS;9996.0;2
95300;;;PEARLS;SEASHELLS;10002.0;1
95900;;;PEARLS;SEASHELLS;10002.0;3
95900;;;PEARLS;SEASHELLS;10002.0;5
96100;;;PEARLS;SEASHELLS;9995.0;1
96400;;;PEARLS;SEASHELLS;10002.0;3
96900;;;PEARLS;SEASHELLS;10005.0;3
97200;;;PEARLS;SEASHELLS;10005.0;12
97300;;;PEARLS;SEASHELLS;10004.0;1
97400;;;PEARLS;SEASHELLS;9998.0;1
97600;;;PEARLS;SEASHELLS;9998.0;1
97900;;;PEARLS;SEASHELLS;10002.0;4
98100;;;PEARLS;SEASHELLS;10002.0;1
98300;;;PEARLS;SEASHELLS;9998.0;1
98800;;;PEARLS;SEASHELLS;9996.0;1
99000;;;PEARLS;SEASHELLS;9998.0;1
100100;;;PEARLS;SEASHELLS;9998.0;1
100500;;;PEARLS;SEASHELLS;9998.0;1
102200;;;PEARLS;SEASHELLS;10004.0;2
102300;;;PEARLS;SEASHELLS;10002.0;3
102300;;;PEARLS;SEASHELLS;10002.0;1
102500;;;PEARLS;SEASHELLS;10002.0;1
102900;;;PEARLS;SEASHELLS;9998.0;1
103100;;;PEARLS;SEASHELLS;9995.0;2
104000;;;PEARLS;SEASHELLS;9998.0;1
104200;;;PEARLS;SEASHELLS;9998.0;2
104200;;;PEARLS;SEASHELLS;9998.0;1
104300;;;PEARLS;SEASHELLS;9998.0;2
104400;;;PEARLS;SEASHELLS;9995.0;2
104400;;;PEARLS;SEASHELLS;9998.0;1
104700;;;PEARLS;SEASHELLS;10002.0;1
105100;;;PEARLS;SEASHELLS;10002.0;1
105900;;;PEARLS;SEASHELLS;10002.0;5
106800;;;PEARLS;SEASHELLS;10005.0;2
107200;;;PEARLS;SEASHELLS;9995.0;4
107500;;;PEARLS;SEASHELLS;10002.0;2
107700;;;PEARLS;SEASHELLS;10004.0;2
108000;;;PEARLS;SEASHELLS;9998.0;6
108000;;;PEARLS;SEASHELLS;9998.0;5
108300;;;PEARLS;SEASHELLS;9998.0;1
108600;;;PEARLS;SEASHELLS;10002.0;1
108700;;;PEARLS;SEASHELLS;9995.0;10
108900;;;PEARLS;SEASHELLS;10004.0;1
109100;;;PEARLS;SEASHELLS;10002.0;2
109900;;;PEARLS;SEASHELLS;10005.0;1
111300;;;PEARLS;SEASHELLS;9995.0;1
111600;;;PEARLS;SEASHELLS;9996.0;2
112000;;;PEARLS;SEASHELLS;10002.0;1
112200;;;PEARLS;SEASHELLS;10002.0;1
112500;;;PEARLS;SEASHELLS;10002.0;1
113400;;;PEARLS;SEASHELLS;10004.0;1
113800;;;PEARLS;SEASHELLS;9996.0;1
114700;;;PEARLS;SEASHELLS;10005.0;12
114700;;;PEARLS;SEASHELLS;9995.0;4
115600;;;PEARLS;SEASHELLS;9998.0;1
115800;;;PEARLS;SEASHELLS;9998.0;1
118000;;;PEARLS;SEASHELLS;9995.0;1
119300;;;PEARLS;SEASHELLS;10002.0;1
120200;;;PEARLS;SEASHELLS;10002.0;1
120500;;;PEARLS;SEASHELLS;9998.0;3
120800;;;PEARLS;SEASHELLS;10000.0;2
120900;;;PEARLS;SEASHELLS;9998.0;1
121800;;;PEARLS;SEASHELLS;9998.0;2
122300;;;PEARLS;SEASHELLS;10004.0;3
122300;;;PEARLS;SEASHELLS;10004.0;2
123000;;;PEARLS;SEASHELLS;9998.0;1
124400;;;PEARLS;SEASHELLS;10002.0;1
124500;;;PEARLS;SEASHELLS;9995.0;5
124700;;;PEARLS;SEASHELLS;9998.0;1
124900;;;PEARLS;SEASHELLS;10002.0;2
125100;;;PEARLS;SEASHELLS;9998.0;1
125200;;;PEARLS;SEASHELLS;10004.0;1
125300;;;PEARLS;SEASHELLS;10005.0;2
125400;;;PEARLS;SEASHELLS;9996.0;2
126400;;;PEARLS;SEASHELLS;9996.0;1
126400;;;PEARLS;SEASHELLS;9996.0;3
126500;;;PEARLS;SEASHELLS;9998.0;4
127000;;;PEARLS;SEASHELLS;9995.0;12
127200;;;PEARLS;SEASHELLS;10002.0;2
127400;;;PEARLS;SEASHELLS;10002.0;1
127800;;;PEARLS;SEASHELLS;10004.0;2
127900;;;PEARLS;SEASHELLS;10002.0;1
129200;;;PEARLS;SEASHELLS;9995.0;2
129700;;;PEARLS;SEASHELLS;9995.0;1
130100;;;PEARLS;SEASHELLS;10002.0;4
130100;;;PEARLS;SEASHELLS;10002.0;1
130300;;;PEARLS;SEASHELLS;9998.0;3
130500;;;PEARLS;SEASHELLS;9998.0;3
131200;;;PEARLS;SEASHELLS;9998.0;1
131400;;;PEARLS;SEASHELLS;9998.0;3
131600;;;PEARLS;SEASHELLS;9998.0;1
132000;;;PEARLS;SEASHELLS;10004.0;1
132100;;;PEARLS;SEASHELLS;9998.0;5
132300;;;PEARLS;SEASHELLS;10000.0;1
132700;;;PEARLS;SEASHELLS;10004.0;9
132700;;;PEARLS;SEASHELLS;10004.0;1
133400;;;PEARLS;SEASHELLS;10004.0;1
133700;;;PEARLS;SEASHELLS;10004.0;1
134700;;;PEARLS;SEASHELLS;10004.0;1
134800;;;PEARLS;SEASHELLS;10004.0;2
134900;;;PEARLS;SEASHELLS;10002.0;1
136500;;;PEARLS;SEASHELLS;10005.0;2
136800;;;PEARLS;SEASHELLS;9998.0;2
137700;;;PEARLS;SEASHELLS;10004.0;1
139100;;;PEARLS;SEASHELLS;9998.0;5
139400;;;PEARLS;SEASHELLS;9996.0;1
139400;;;PEARLS;SEASHELLS;9996.0;2
140700;;;PEARLS;SEASHELLS;9998.0;2
141100;;;PEARLS;SEASHELLS;9998.0;1
142000;;;PEARLS;SEASHELLS;9996.0;1
142400;;;PEARLS;SEASHELLS;10004.0;1
143100;;;PEARLS;SEASHELLS;9995.0;2
143200;;;PEARLS;SEASHELLS;9995.0;1
143200;;;PEARLS;SEASHELLS;9998.0;1
143800;;;PEARLS;SEASHELLS;9998.0;1
144100;;;PEARLS;SEASHELLS;10002.0;1
144200;;;PEARLS;SEASHELLS;10004.0;1
144600;;;PEARLS;SEASHELLS;9998.0;3
144900;;;PEARLS;SEASHELLS;10002.0;1
145800;;;PEARLS;SEASHELLS;9998.0;3
145900;;;PEARLS;SEASHELLS;10004.0;1
146300;;;PEARLS;SEASHELLS;10005.0;2
146700;;;PEARLS;SEASHELLS;10005.0;5
146900;;;PEARLS;SEASHELLS;10004.0;2
146900;;;PEARLS;SEASHELLS;10004.0;8
147400;;;PEARLS;SEASHELLS;9995.0;1
147800;;;PEARLS;SEASHELLS;9998.0;1
148000;;;PEARLS;SEASHELLS;10000.0;1
148000;;;PEARLS;SEASHELLS;9998.0;1
148200;;;PEARLS;SEASHELLS;9995.0;2
150100;;;PEARLS;SEASHELLS;10004.0;1
150300;;;PEARLS;SEASHELLS;9996.0;1
151400;;;PEARLS;SEASHELLS;10002.0;1
152000;;;PEARLS;SEASHELLS;10002.0;6
152100;;;PEARLS;SEASHELLS;10004.0;2
153200;;;PEARLS;SEASHELLS;9995.0;5
153500;;;PEARLS;SEASHELLS;10002.0;1
153700;;;PEARLS;SEASHELLS;9998.0;1
154100;;;PEARLS;SEASHELLS;9998.0;2
154400;;;PEARLS;SEASHELLS;10002.0;2
154600;;;PEARLS;SEASHELLS;10002.0;1
155200;;;PEARLS;SEASHELLS;10002.0;1
155600;;;PEARLS;SEASHELLS;9998.0;1
155700;;;PEARLS;SEASHELLS;10002.0;1
156500;;;PEARLS;SEASHELLS;10002.0;1
156700;;;PEARLS;SEASHELLS;10004.0;2
157400;;;PEARLS;SEASHELLS;10002.0;1
157700;;;PEARLS;SEASHELLS;10004.0;1
157900;;;PEARLS;SEASHELLS;10005.0;2
158000;;;PEARLS;SEASHELLS;10002.0;1
158200;;;PEARLS;SEASHELLS;9998.0;8
158300;;;PEARLS;SEASHELLS;10002.0;1
159200;;;PEARLS;SEASHELLS;9998.0;2
159400;;;PEARLS;SEASHELLS;10002.0;1
159900;;;PEARLS;SEASHELLS;9996.0;2
162000;;;PEARLS;SEASHELLS;10005.0;2
162300;;;PEARLS;SEASHELLS;10002.0;2
162700;;;PEARLS;SEASHELLS;9996.0;1
162800;;;PEARLS;SEASHELLS;9995.0;2
163900;;;PEARLS;SEASHELLS;10002.0;4
163900;;;PEARLS;SEASHELLS;10002.0;1
164000;;;PEARLS;SEASHELLS;10000.0;3
164600;;;PEARLS;SEASHELLS;9998.0;1
164800;;;PEARLS;SEASHELLS;9998.0;1
165000;;;PEARLS;SEASHELLS;10002.0;2
165300;;;PEARLS;SEASHELLS;9996.0;1
165300;;;PEARLS;SEASHELLS;9996.0;3
166100;;;PEARLS;SEASHELLS;10002.0;1
166300;;;PEARLS;SEASHELLS;10002.0;1
166400;;;PEARLS;SEASHELLS;10002.0;1
166700;;;PEARLS;SEASHELLS;10002.0;1
167300;;;PEARLS;SEASHELLS;10005.0;2
168100;;;PEARLS;SEASHELLS;10002.0;1
168200;;;PEARLS;SEASHELLS;9995.0;1
168900;;;PEARLS;SEASHELLS;9998.0;5
169300;;;PEARLS;SEASHELLS;10002.0;1
170000;;;PEARLS;SEASHELLS;10002.0;2
170200;;;PEARLS;SEASHELLS;10004.0;1
171400;;;PEARLS;SEASHELLS;9998.0;1
171700;;;PEARLS;SEASHELLS;10004.0;1
172100;;;PEARLS;SEASHELLS;10002.0;1
172200;;;PEARLS;SEASHELLS;10002.0;1
172300;;;PEARLS;SEASHELLS;10002.0;1
172600;;;PEARLS;SEASHELLS;10002.0;1
172700;;;PEARLS;SEASHELLS;10004.0;2
173100;;;PEARLS;SEASHELLS;10005.0;4
173700;;;PEARLS;SEASHELLS;9998.0;1
174100;;;PEARLS;SEASHELLS;9998.0;1
174900;;;PEARLS;SEASHELLS;10002.0;1
175200;;;PEARLS;SEASHELLS;9998.0;1
175200;;;PEARLS;SEASHELLS;9996.0;2
175500;;;PEARLS;SEASHELLS;10004.0;1
176100;;;PEARLS;SEASHELLS;10002.0;1
176500;;;PEARLS;SEASHELLS;10004.0;1
176900;;;PEARLS;SEASHELLS;10005.0;9
177900;;;PEARLS;SEASHELLS;9998.0;3
179600;;;PEARLS;SEASHELLS;10002.0;1
180900;;;PEARLS;SEASHELLS;9998.0;2
180900;;;PEARLS;SEASHELLS;9998.0;1
181000;;;PEARLS;SEASHELLS;10002.0;1
181600;;;PEARLS;SEASHELLS;9996.0;1
181800;;;PEARLS;SEASHELLS;10005.0;2
182300;;;PEARLS;SEASHELLS;9998.0;3
182300;;;PEARLS;SEASHELLS;9998.0;1
182500;;;PEARLS;SEASHELLS;10002.0;1
182700;;;PEARLS;SEASHELLS;9996.0;2
182900;;;PEARLS;SEASHELLS;10002.0;1
183100;;;PEARLS;SEASHELLS;10002.0;1
183900;;;PEARLS;SEASHELLS;10002.0;1
184800;;;PEARLS;SEASHELLS;10000.0;2
185000;;;PEARLS;SEASHELLS;9995.0;1
186000;;;PEARLS;SEASHELLS;9995.0;1
186500;;;PEARLS;SEASHELLS;9996.0;1
186800;;;PEARLS;SEASHELLS;9995.0;6
186800;;;PEARLS;SEASHELLS;9995.0;1
186900;;;PEARLS;SEASHELLS;10002.0;5
186900;;;PEARLS;SEASHELLS;10004.0;9
186900;;;PEARLS;SEASHELLS;10004.0;2
187300;;;PEARLS;SEASHELLS;9998.0;2
188700;;;PEARLS;SEASHELLS;10002.0;1
189000;;;PEARLS;SEASHELLS;10002.0;1
189700;;;PEARLS;SEASHELLS;10005.0;1
189900;;;PEARLS;SEASHELLS;9998.0;1
190400;;;PEARLS;SEASHELLS;10002.0;4
190400;;;PEARLS;SEASHELLS;10002.0;1
191500;;;PEARLS;SEASHELLS;9995.0;2
191600;;;PEARLS;SEASHELLS;9998.0;3
191900;;;PEARLS;SEASHELLS;10002.0;1
193400;;;PEARLS;SEASHELLS;10002.0;2
193600;;;PEARLS;SEASHELLS;9995.0;2
194600;;;PEARLS;SEASHELLS;9998.0;2
195700;;;PEARLS;SEASHELLS;10002.0;1
196600;;;PEARLS;SEASHELLS;9998.0;1
196700;;;PEARLS;SEASHELLS;9998.0;2
196800;;;PEARLS;SEASHELLS;9998.0;4
197100;;;PEARLS;SEASHELLS;9998.0;4
197200;;;PEARLS;SEASHELLS;10002.0;1
197300;;;PEARLS;SEASHELLS;10004.0;2
197400;;;PEARLS;SEASHELLS;9998.0;4
197600;;;PEARLS;SEASHELLS;9998.0;1
197900;;;PEARLS;SEASHELLS;9998.0;5
198000;;;PEARLS;SEASHELLS;10004.0;1
198700;;;PEARLS;SEASHELLS;9998.0;5
199000;;;PEARLS;SEASHELLS;9996.0;1
199400;;;PEARLS;SEASHELLS;10002.0;2
200100;;;PEARLS;SEASHELLS;9996.0;1
200300;;;PEARLS;SEASHELLS;9996.0;1
200300;;;PEARLS;SEASHELLS;9996.0;1
200400;;;PEARLS;SEASHELLS;10004.0;7
200400;;;PEARLS;SEASHELLS;10004.0;1
200500;;;PEARLS;SEASHELLS;10004.0;2
200600;;;PEARLS;SEASHELLS;10002.0;1
200600;;;PEARLS;SEASHELLS;10002.0;2
201700;;;PEARLS;SEASHELLS;9996.0;1
201700;;;PEARLS;SEASHELLS;9996.0;2
201700;;;PEARLS;SEASHELLS;9998.0;1
201900;;;PEARLS;SEASHELLS;9998.0;1
202800;;;PEARLS;SEASHELLS;9998.0;1
202900;;;PEARLS;SEASHELLS;9996.0;1
203800;;;PEARLS;SEASHELLS;9998.0;1
203900;;;PEARLS;SEASHELLS;9998.0;2
204200;;;PEARLS;SEASHELLS;10002.0;1
204400;;;PEARLS;SEASHELLS;10002.0;1
204600;;;PEARLS;SEASHELLS;10000.0;3
204800;;;PEARLS;SEASHELLS;9998.0;4
204800;;;PEARLS;SEASHELLS;9998.0;1
204800;;;PEARLS;SEASHELLS;10002.0;6
205200;;;PEARLS;SEASHELLS;9996.0;2
205300;;;PEARLS;SEASHELLS;10004.0;1
205600;;;PEARLS;SEASHELLS;9995.0;8
205900;;;PEARLS;SEASHELLS;9998.0;1
206200;;;PEARLS;SEASHELLS;9998.0;1
206400;;;PEARLS;SEASHELLS;9995.0;1
207100;;;PEARLS;SEASHELLS;10005.0;2
207800;;;PEARLS;SEASHELLS;9998.0;4
208500;;;PEARLS;SEASHELLS;9998.0;1
209000;;;PEARLS;SEASHELLS;9998.0;4
209300;;;PEARLS;SEASHELLS;9995.0;1
209900;;;PEARLS;SEASHELLS;9996.0;2
210000;;;PEARLS;SEASHELLS;9998.0;1
210000;;;PEARLS;SEASHELLS;9995.0;4
210400;;;PEARLS;SEASHELLS;10002.0;1
212700;;;PEARLS;SEASHELLS;9996.0;2
212800;;;PEARLS;SEASHELLS;10002.0;3
212900;;;PEARLS;SEASHELLS;9998.0;5
213100;;;PEARLS;SEASHELLS;9998.0;1
213100;;;PEARLS;SEASHELLS;9998.0;3
213400;;;PEARLS;SEASHELLS;9998.0;2
214400;;;PEARLS;SEASHELLS;10004.0;2
214600;;;PEARLS;SEASHELLS;9998.0;1
215100;;;PEARLS;SEASHELLS;10005.0;2
215200;;;PEARLS;SEASHELLS;10002.0;1
216500;;;PEARLS;SEASHELLS;10002.0;1
217100;;;PEARLS;SEASHELLS;10004.0;1
217500;;;PEARLS;SEASHELLS;10002.0;1
217900;;;PEARLS;SEASHELLS;9996.0;1
218100;;;PEARLS;SEASHELLS;9998.0;1
218400;;;PEARLS;SEASHELLS;10005.0;1
220100;;;PEARLS;SEASHELLS;9996.0;1
220300;;;PEARLS;SEASHELLS;10002.0;1
222500;;;PEARLS;SEASHELLS;9998.0;1
222600;;;PEARLS;SEASHELLS;10002.0;1
222900;;;PEARLS;SEASHELLS;10005.0;8
223200;;;PEARLS;SEASHELLS;10002.0;1
223900;;;PEARLS;SEASHELLS;10002.0;3
224300;;;PEARLS;SEASHELLS;10004.0;2
224500;;;PEARLS;SEASHELLS;10004.0;1
224800;;;PEARLS;SEASHELLS;10005.0;7
226000;;;PEARLS;SEASHELLS;9995.0;2
226100;;;PEARLS;SEASHELLS;10005.0;1
226300;;;PEARLS;SEASHELLS;10002.0;1
226500;;;PEARLS;SEASHELLS;10002.0;1
227400;;;PEARLS;SEASHELLS;9998.0;5
227600;;;PEARLS;SEASHELLS;9998.0;3
227600;;;PEARLS;SEASHELLS;9998.0;1
227600;;;PEARLS;SEASHELLS;9998.0;3
227700;;;PEARLS;SEASHELLS;10004.0;1
227700;;;PEARLS;SEASHELLS;9998.0;4
228300;;;PEARLS;SEASHELLS;9998.0;4
228700;;;PEARLS;SEASHELLS;9998.0;1
229200;;;PEARLS;SEASHELLS;10005.0;8
229600;;;PEARLS;SEASHELLS;10002.0;4
230000;;;PEARLS;SEASHELLS;10002.0;1
230600;;;PEARLS;SEASHELLS;9996.0;2
232700;;;PEARLS;SEASHELLS;9998.0;2
233000;;;PEARLS;SEASHELLS;9998.0;4
233100;;;PEARLS;SEASHELLS;10002.0;1
233200;;;PEARLS;SEASHELLS;9998.0;1
233500;;;PEARLS;SEASHELLS;10002.0;1
234500;;;PEARLS;SEASHELLS;9998.0;1
234800;;;PEARLS;SEASHELLS;9998.0;1
235400;;;PEARLS;SEASHELLS;9998.0;1
235700;;;PEARLS;SEASHELLS;10002.0;1
236100;;;PEARLS;SEASHELLS;9998.0;1
236100;;;PEARLS;SEASHELLS;9995.0;5
236100;;;PEARLS;SEASHELLS;9995.0;12
236400;;;PEARLS;SEASHELLS;9998.0;1
236400;;;PEARLS;SEASHELLS;9996.0;2
236500;;;PEARLS;SEASHELLS;9995.0;2
236600;;;PEARLS;SEASHELLS;10000.0;3
237000;;;PEARLS;SEASHELLS;10005.0;1
237000;;;PEARLS;SEASHELLS;10004.0;1
237100;;;PEARLS;SEASHELLS;9995.0;4
237100;;;PEARLS;SEASHELLS;9998.0;1
237900;;;PEARLS;SEASHELLS;10004.0;1
238000;;;PEARLS;SEASHELLS;10004.0;1
238700;;;PEARLS;SEASHELLS;10002.0;1
239400;;;PEARLS;SEASHELLS;10002.0;1
239800;;;PEARLS;SEASHELLS;9998.0;1
240100;;;PEARLS;SEASHELLS;9998.0;1
240700;;;PEARLS;SEASHELLS;9998.0;1
241200;;;PEARLS;SEASHELLS;9998.0;3
241300;;;PEARLS;SEASHELLS;9998.0;4
241300;;;PEARLS;SEASHELLS;9998.0;8
241400;;;PEARLS;SEASHELLS;9996.0;1
241400;;;PEARLS;SEASHELLS;9996.0;9
241700;;;PEARLS;SEASHELLS;10002.0;2
241800;;;PEARLS;SEASHELLS;10002.0;1
242200;;;PEARLS;SEASHELLS;9998.0;1
242300;;;PEARLS;SEASHELLS;10002.0;1
242800;;;PEARLS;SEASHELLS;10005.0;8
243200;;;PEARLS;SEASHELLS;10005.0;4
243300;;;PEARLS;SEASHELLS;9998.0;3
243400;;;PEARLS;SEASHELLS;9996.0;1
243700;;;PEARLS;SEASHELLS;9996.0;1
244100;;;PEARLS;SEASHELLS;9998.0;1
244400;;;PEARLS;SEASHELLS;9998.0;1
244900;;;PEARLS;SEASHELLS;10002.0;1
245000;;;PEARLS;SEASHELLS;10002.0;8
246100;;;PEARLS;SEASHELLS;10002.0;3
246200;;;PEARLS;SEASHELLS;10002.0;3
247100;;;PEARLS;SEASHELLS;9998.0;1
247600;;;PEARLS;SEASHELLS;9998.0;2
247600;;;PEARLS;SEASHELLS;9998.0;1
247600;;;PEARLS;SEASHELLS;9998.0;4
247700;;;PEARLS;SEASHELLS;9996.0;2
247700;;;PEARLS;SEASHELLS;9998.0;6
247900;;;PEARLS;SEASHELLS;9996.0;9
247900;;;PEARLS;SEASHELLS;9996.0;1
248400;;;PEARLS;SEASHELLS;9996.0;1
248700;;;PEARLS;SEASHELLS;9998.0;1
249000;;;PEARLS;SEASHELLS;10002.0;1
249300;;;PEARLS;SEASHELLS;9998.0;1
249400;;;PEARLS;SEASHELLS;9998.0;1
249800;;;PEARLS;SEASHELLS;10002.0;1
249900;;;PEARLS;SEASHELLS;10002.0;1
250500;;;PEARLS;SEASHELLS;10002.0;1
250500;;;PEARLS;SEASHELLS;10005.0;2
250700;;;PEARLS;SEASHELLS;9998.0;3
251100;;;PEARLS;SEASHELLS;10002.0;5
251700;;;PEARLS;SEASHELLS;9996.0;2
251700;;;PEARLS;SEASHELLS;9996.0;2
251700;;;PEARLS;SEASHELLS;9998.0;1
252300;;;PEARLS;SEASHELLS;10002.0;5
252800;;;PEARLS;SEASHELLS;9996.0;2
253500;;;PEARLS;SEASHELLS;9996.0;1
253800;;;PEARLS;SEASHELLS;10002.0;1
254000;;;PEARLS;SEASHELLS;10005.0;2
254700;;;PEARLS;SEASHELLS;10004.0;1
254800;;;PEARLS;SEASHELLS;10002.0;1
255100;;;PEARLS;SEASHELLS;9996.0;1
257000;;;PEARLS;SEASHELLS;10002.0;1
257600;;;PEARLS;SEASHELLS;9996.0;1
258000;;;PEARLS;SEASHELLS;9998.0;1
258200;;;PEARLS;SEASHELLS;9995.0;2
258400;;;PEARLS;SEASHELLS;10005.0;5
259300;;;PEARLS;SEASHELLS;9998.0;1
260000;;;PEARLS;SEASHELLS;10002.0;1
260200;;;PEARLS;SEASHELLS;9995.0;1
260300;;;PEARLS;SEASHELLS;10002.0;1
260600;;;PEARLS;SEASHELLS;10004.0;1
261200;;;PEARLS;SEASHELLS;10002.0;1
261300;;;PEARLS;SEASHELLS;10002.0;1
261500;;;PEARLS;SEASHELLS;9998.0;1
261600;;;PEARLS;SEASHELLS;10002.0;1
262200;;;PEARLS;SEASHELLS;10005.0;2
262400;;;PEARLS;SEASHELLS;10002.0;1
262500;;;PEARLS;SEASHELLS;9998.0;2
263800;;;PEARLS;SEASHELLS;10002.0;1
264700;;;PEARLS;SEASHELLS;9998.0;1
265000;;;PEARLS;SEASHELLS;9998.0;1
265700;;;PEARLS;SEASHELLS;10004.0;2
265900;;;PEARLS;SEASHELLS;10000.0;1
266000;;;PEARLS;SEASHELLS;9998.0;3
266700;;;PEARLS;SEASHELLS;10002.0;1
266800;;;PEARLS;SEASHELLS;10004.0;1
267000;;;PEARLS;SEASHELLS;10002.0;5
267600;;;PEARLS;SEASHELLS;10002.0;1
268800;;;PEARLS;SEASHELLS;10004.0;2
269000;;;PEARLS;SEASHELLS;9996.0;1
269000;;;PEARLS;SEASHELLS;9996.0;1
269200;;;PEARLS;SEASHELLS;10002.0;8
269400;;;PEARLS;SEASHELLS;9995.0;5
269700;;;PEARLS;SEASHELLS;9998.0;1
269800;;;PEARLS;SEASHELLS;10002.0;1
269800;;;PEARLS;SEASHELLS;10002.0;2
270200;;;PEARLS;SEASHELLS;9998.0;1
270400;;;PEARLS;SEASHELLS;10005.0;5
270900;;;PEARLS;SEASHELLS;10004.0;2
271600;;;PEARLS;SEASHELLS;9998.0;1
271800;;;PEARLS;SEASHELLS;10004.0;2
272300;;;PEARLS;SEASHELLS;10002.0;2
272700;;;PEARLS;SEASHELLS;9998.0;1
272800;;;PEARLS;SEASHELLS;10004.0;1
272800;;;PEARLS;SEASHELLS;10005.0;2
273400;;;PEARLS;SEASHELLS;9996.0;2
273400;;;PEARLS;SEASHELLS;9996.0;6
275600;;;PEARLS;SEASHELLS;9998.0;1
276500;;;PEARLS;SEASHELLS;9998.0;1
277000;;;PEARLS;SEASHELLS;9996.0;2
278200;;;PEARLS;SEASHELLS;9998.0;3
278500;;;PEARLS;SEASHELLS;9996.0;1
279400;;;PEARLS;SEASHELLS;9996.0;2
279400;;;PEARLS;SEASHELLS;9995.0;2
279900;;;PEARLS;SEASHELLS;9996.0;1
280400;;;PEARLS;SEASHELLS;10004.0;2
280900;;;PEARLS;SEASHELLS;10000.0;2
281100;;;PEARLS;SEASHELLS;10002.0;5
282400;;;PEARLS;SEASHELLS;10002.0;1
282500;;;PEARLS;SEASHELLS;9995.0;2
283300;;;PEARLS;SEASHELLS;10004.0;1
283300;;;PEARLS;SEASHELLS;10004.0;1
283600;;;PEARLS;SEASHELLS;10002.0;1
283700;;;PEARLS;SEASHELLS;9998.0;1
284300;;;PEARLS;SEASHELLS;9998.0;1
284500;;;PEARLS;SEASHELLS;9996.0;2
285100;;;PEARLS;SEASHELLS;9996.0;1
285700;;;PEARLS;SEASHELLS;9996.0;2
286000;;;PEARLS;SEASHELLS;9998.0;1
288100;;;PEARLS;SEASHELLS;10002.0;4
288100;;;PEARLS;SEASHELLS;10002.0;1
288900;;;PEARLS;SEASHELLS;10004.0;1
289800;;;PEARLS;SEASHELLS;10004.0;2
290300;;;PEARLS;SEASHELLS;9998.0;1
291400;;;PEARLS;SEASHELLS;9995.0;4
291500;;;PEARLS;SEASHELLS;9998.0;1
291700;;;PEARLS;SEASHELLS;9998.0;1
292200;;;PEARLS;SEASHELLS;10002.0;1
292300;;;PEARLS;SEASHELLS;9996.0;2
292400;;;PEARLS;SEASHELLS;10002.0;1
292500;;;PEARLS;SEASHELLS;10002.0;3
292500;;;PEARLS;SEASHELLS;10002.0;2
292800;;;PEARLS;SEASHELLS;10002.0;1
293700;;;PEARLS;SEASHELLS;10002.0;1
294900;;;PEARLS;SEASHELLS;9995.0;1
295700;;;PEARLS;SEASHELLS;10004.0;1
295800;;;PEARLS;SEASHELLS;10002.0;1
296200;;;PEARLS;SEASHELLS;10002.0;1
296400;;;PEARLS;SEASHELLS;9998.0;5
297300;;;PEARLS;SEASHELLS;10004.0;2
297400;;;PEARLS;SEASHELLS;9998.0;2
297700;;;PEARLS;SEASHELLS;10002.0;1
297800;;;PEARLS;SEASHELLS;10002.0;3
298100;;;PEARLS;SEASHELLS;9998.0;2
299500;;;PEARLS;SEASHELLS;9995.0;5
300800;;;PEARLS;SEASHELLS;10005.0;1
301400;;;PEARLS;SEASHELLS;10005.0;2
301500;;;PEARLS;SEASHELLS;10002.0;1
302100;;;PEARLS;SEASHELLS;10004.0;1
302400;;;PEARLS;SEASHELLS;9998.0;1
302400;;;PEARLS;SEASHELLS;9998.0;4
302500;;;PEARLS;SEASHELLS;9998.0;1
303100;;;PEARLS;SEASHELLS;10005.0;2
303600;;;PEARLS;SEASHELLS;9998.0;5
303700;;;PEARLS;SEASHELLS;10002.0;1
305100;;;PEARLS;SEASHELLS;9998.0;1
305900;;;PEARLS;SEASHELLS;10002.0;3
306300;;;PEARLS;SEASHELLS;9998.0;1
306700;;;PEARLS;SEASHELLS;9998.0;2
307400;;;PEARLS;SEASHELLS;9998.0;1
307900;;;PEARLS;SEASHELLS;10004.0;1
308000;;;PEARLS;SEASHELLS;10002.0;1
308200;;;PEARLS;SEASHELLS;9996.0;1
308300;;;PEARLS;SEASHELLS;10002.0;1
309600;;;PEARLS;SEASHELLS;9998.0;2
309800;;;PEARLS;SEASHELLS;9998.0;1
310600;;;PEARLS;SEASHELLS;10002.0;1
310900;;;PEARLS;SEASHELLS;10004.0;2
311700;;;PEARLS;SEASHELLS;9996.0;2
312300;;;PEARLS;SEASHELLS;9996.0;2
312600;;;PEARLS;SEASHELLS;10004.0;2
312600;;;PEARLS;SEASHELLS;10004.0;8
313100;;;PEARLS;SEASHELLS;9996.0;1
313100;;;PEARLS;SEASHELLS;9996.0;2
313600;;;PEARLS;SEASHELLS;10005.0;5
313700;;;PEARLS;SEASHELLS;9998.0;2
313700;;;PEARLS;SEASHELLS;9998.0;2
314000;;;PEARLS;SEASHELLS;10002.0;1
314100;;;PEARLS;SEASHELLS;10002.0;1
314700;;;PEARLS;SEASHELLS;10002.0;1
315300;;;PEARLS;SEASHELLS;10002.0;5
315500;;;PEARLS;SEASHELLS;9998.0;2
315800;;;PEARLS;SEASHELLS;10002.0;1
316200;;;PEARLS;SEASHELLS;10004.0;2
316600;;;PEARLS;SEASHELLS;10005.0;1
317700;;;PEARLS;SEASHELLS;10002.0;1
317800;;;PEARLS;SEASHELLS;9998.0;3
318000;;;PEARLS;SEASHELLS;9998.0;1
318600;;;PEARLS;SEASHELLS;10002.0;2
319000;;;PEARLS;SEASHELLS;9998.0;1
319800;;;PEARLS;SEASHELLS;10002.0;1
320100;;;PEARLS;SEASHELLS;9998.0;1
320300;;;PEARLS;SEASHELLS;10004.0;1
320900;;;PEARLS;SEASHELLS;10005.0;3
321300;;;PEARLS;SEASHELLS;10004.0;2
321900;;;PEARLS;SEASHELLS;9996.0;1
324100;;;PEARLS;SEASHELLS;9998.0;2
324200;;;PEARLS;SEASHELLS;9998.0;1
324600;;;PEARLS;SEASHELLS;9995.0;6
325000;;;PEARLS;SEASHELLS;10005.0;5
325100;;;PEARLS;SEASHELLS;9996.0;1
326000;;;PEARLS;SEASHELLS;9996.0;2
326900;;;PEARLS;SEASHELLS;10002.0;1
327100;;;PEARLS;SEASHELLS;10002.0;2
327800;;;PEARLS;SEASHELLS;9996.0;1
329100;;;PEARLS;SEASHELLS;10005.0;10
329300;;;PEARLS;SEASHELLS;9998.0;1
329700;;;PEARLS;SEASHELLS;9998.0;1
329800;;;PEARLS;SEASHELLS;10004.0;3
329800;;;PEARLS;SEASHELLS;10004.0;1
330600;;;PEARLS;SEASHELLS;9998.0;2
330600;;;PEARLS;SEASHELLS;9998.0;3
331100;;;PEARLS;SEASHELLS;10002.0;1
331200;;;PEARLS;SEASHELLS;10002.0;1
331400;;;PEARLS;SEASHELLS;9998.0;1
331700;;;PEARLS;SEASHELLS;9998.0;1
331800;;;PEARLS;SEASHELLS;9998.0;1
331800;;;PEARLS;SEASHELLS;10000.0;1
332500;;;PEARLS;SEASHELLS;10002.0;1
333100;;;PEARLS;SEASHELLS;10004.0;2
333500;;;PEARLS;SEASHELLS;9995.0;9
333900;;;PEARLS;SEASHELLS;10002.0;2
335300;;;PEARLS;SEASHELLS;9998.0;1
335400;;;PEARLS;SEASHELLS;10002.0;1
335800;;;PEARLS;SEASHELLS;9998.0;1
336000;;;PEARLS;SEASHELLS;9995.0;8
336200;;;PEARLS;SEASHELLS;9998.0;1
336500;;;PEARLS;SEASHELLS;9998.0;3
336600;;;PEARLS;SEASHELLS;9996.0;2
336800;;;PEARLS;SEASHELLS;9996.0;1
336800;;;PEARLS;SEASHELLS;9996.0;2
336800;;;PEARLS;SEASHELLS;9998.0;1
337100;;;PEARLS;SEASHELLS;9998.0;1
337200;;;PEARLS;SEASHELLS;9998.0;2
337200;;;PEARLS;SEASHELLS;9998.0;2
337500;;;PEARLS;SEASHELLS;10002.0;5
337600;;;PEARLS;SEASHELLS;9996.0;1
338300;;;PEARLS;SEASHELLS;10004.0;1
339000;;;PEARLS;SEASHELLS;9998.0;1
339900;;;PEARLS;SEASHELLS;9998.0;1
340700;;;PEARLS;SEASHELLS;9996.0;2
340700;;;PEARLS;SEASHELLS;9996.0;2
340700;;;PEARLS;SEASHELLS;9996.0;8
341000;;;PEARLS;SEASHELLS;10004.0;2
341200;;;PEARLS;SEASHELLS;9996.0;1
341200;;;PEARLS;SEASHELLS;9996.0;1
341300;;;PEARLS;SEASHELLS;10002.0;1
341400;;;PEARLS;SEASHELLS;9998.0;1
341900;;;PEARLS;SEASHELLS;9998.0;1
342900;;;PEARLS;SEASHELLS;10005.0;2
343700;;;PEARLS;SEASHELLS;10002.0;1
344100;;;PEARLS;SEASHELLS;10002.0;1
344200;;;PEARLS;SEASHELLS;9996.0;2
344300;;;PEARLS;SEASHELLS;10002.0;1
345400;;;PEARLS;SEASHELLS;9998.0;1
345500;;;PEARLS;SEASHELLS;9998.0;1
345800;;;PEARLS;SEASHELLS;9996.0;1
345800;;;PEARLS;SEASHELLS;9996.0;5
346200;;;PEARLS;SEASHELLS;9996.0;6
346200;;;PEARLS;SEASHELLS;9996.0;1
346400;;;PEARLS;SEASHELLS;10002.0;1
346600;;;PEARLS;SEASHELLS;10004.0;1
347100;;;PEARLS;SEASHELLS;9998.0;1
347500;;;PEARLS;SEASHELLS;10002.0;2
349400;;;PEARLS;SEASHELLS;10004.0;6
349400;;;PEARLS;SEASHELLS;10004.0;1
349600;;;PEARLS;SEASHELLS;9996.0;1
350400;;;PEARLS;SEASHELLS;10002.0;3
350400;;;PEARLS;SEASHELLS;10002.0;3
350700;;;PEARLS;SEASHELLS;9998.0;5
350800;;;PEARLS;SEASHELLS;9996.0;2
350900;;;PEARLS;SEASHELLS;10002.0;1
351000;;;PEARLS;SEASHELLS;9998.0;1
351400;;;PEARLS;SEASHELLS;10005.0;2
351800;;;PEARLS;SEASHELLS;10004.0;4
351800;;;PEARLS;SEASHELLS;10002.0;2
351800;;;PEARLS;SEASHELLS;10004.0;2
352200;;;PEARLS;SEASHELLS;10002.0;1
353100;;;PEARLS;SEASHELLS;9996.0;1
353200;;;PEARLS;SEASHELLS;10002.0;1
353200;;;PEARLS;SEASHELLS;10002.0;0
353200;;;PEARLS;SEASHELLS;10002.0;6
353200;;;PEARLS;SEASHELLS;10002.0;1
353600;;;PEARLS;SEASHELLS;9995.0;2
354200;;;PEARLS;SEASHELLS;10000.0;1
354300;;;PEARLS;SEASHELLS;10002.0;3
355100;;;PEARLS;SEASHELLS;9996.0;1
355500;;;PEARLS;SEASHELLS;9998.0;1
356600;;;PEARLS;SEASHELLS;10004.0;1
356600;;;PEARLS;SEASHELLS;10002.0;1
356600;;;PEARLS;SEASHELLS;10004.0;11
357500;;;PEARLS;SEASHELLS;9995.0;5
358000;;;PEARLS;SEASHELLS;9996.0;2
358400;;;PEARLS;SEASHELLS;10002.0;7
358600;;;PEARLS;SEASHELLS;10002.0;1
359300;;;PEARLS;SEASHELLS;9995.0;6
359600;;;PEARLS;SEASHELLS;10002.0;1
359900;;;PEARLS;SEASHELLS;9996.0;1
360000;;;PEARLS;SEASHELLS;9998.0;1
360400;;;PEARLS;SEASHELLS;10002.0;1
360900;;;PEARLS;SEASHELLS;9998.0;4
361300;;;PEARLS;SEASHELLS;9996.0;1
361300;;;PEARLS;SEASHELLS;9996.0;1
362500;;;PEARLS;SEASHELLS;10002.0;1
362700;;;PEARLS;SEASHELLS;10002.0;1
362800;;;PEARLS;SEASHELLS;10002.0;5
363200;;;PEARLS;SEASHELLS;10004.0;1
363200;;;PEARLS;SEASHELLS;10004.0;1
364000;;;PEARLS;SEASHELLS;10002.0;1
365300;;;PEARLS;SEASHELLS;9998.0;5
365300;;;PEARLS;SEASHELLS;9998.0;1
365900;;;PEARLS;SEASHELLS;9998.0;5
366100;;;PEARLS;SEASHELLS;9998.0;1
366500;;;PEARLS;SEASHELLS;10002.0;1
367200;;;PEARLS;SEASHELLS;10002.0;1
368000;;;PEARLS;SEASHELLS;10005.0;2
368100;;;PEARLS;SEASHELLS;10004.0;1
368100;;;PEARLS;SEASHELLS;10002.0;1
368700;;;PEARLS;SEASHELLS;9998.0;2
368800;;;PEARLS;SEASHELLS;10004.0;1
369100;;;PEARLS;SEASHELLS;10004.0;1
369700;;;PEARLS;SEASHELLS;10002.0;4
370700;;;PEARLS;SEASHELLS;10002.0;1
370800;;;PEARLS;SEASHELLS;9998.0;1
370900;;;PEARLS;SEASHELLS;9996.0;1
370900;;;PEARLS;SEASHELLS;9996.0;1
371200;;;PEARLS;SEASHELLS;9998.0;1
371400;;;PEARLS;SEASHELLS;9998.0;5
371900;;;PEARLS;SEASHELLS;9998.0;1
372200;;;PEARLS;SEASHELLS;10002.0;5
372700;;;PEARLS;SEASHELLS;10004.0;2
373500;;;PEARLS;SEASHELLS;9995.0;1
374000;;;PEARLS;SEASHELLS;10002.0;4
374300;;;PEARLS;SEASHELLS;9998.0;1
374600;;;PEARLS;SEASHELLS;9998.0;1
375300;;;PEARLS;SEASHELLS;9996.0;1
375400;;;PEARLS;SEASHELLS;10004.0;1
375900;;;PEARLS;SEASHELLS;10002.0;2
376100;;;PEARLS;SEASHELLS;10002.0;5
376300;;;PEARLS;SEASHELLS;10004.0;2
377400;;;PEARLS;SEASHELLS;9996.0;2
378300;;;PEARLS;SEASHELLS;9998.0;1
378700;;;PEARLS;SEASHELLS;10002.0;4
379700;;;PEARLS;SEASHELLS;9996.0;1
379800;;;PEARLS;SEASHELLS;10002.0;1
381000;;;PEARLS;SEASHELLS;10004.0;2
381200;;;PEARLS;SEASHELLS;10004.0;1
381200;;;PEARLS;SEASHELLS;10002.0;1
381200;;;PEARLS;SEASHELLS;10004.0;1
381700;;;PEARLS;SEASHELLS;10002.0;1
383300;;;PEARLS;SEASHELLS;10002.0;1
383600;;;PEARLS;SEASHELLS;9996.0;1
384000;;;PEARLS;SEASHELLS;9996.0;2
384100;;;PEARLS;SEASHELLS;9998.0;3
384200;;;PEARLS;SEASHELLS;9996.0;1
384500;;;PEARLS;SEASHELLS;10002.0;1
384600;;;PEARLS;SEASHELLS;9998.0;1
386000;;;PEARLS;SEASHELLS;9998.0;1
386500;;;PEARLS;SEASHELLS;10002.0;1
386500;;;PEARLS;SEASHELLS;10002.0;3
386600;;;PEARLS;SEASHELLS;9996.0;1
387600;;;PEARLS;SEASHELLS;9998.0;1
387700;;;PEARLS;SEASHELLS;9995.0;2
387900;;;PEARLS;SEASHELLS;10005.0;1
389000;;;PEARLS;SEASHELLS;9996.0;2
389700;;;PEARLS;SEASHELLS;9998.0;1
389800;;;PEARLS;SEASHELLS;9996.0;1
390400;;;PEARLS;SEASHELLS;10002.0;1
390700;;;PEARLS;SEASHELLS;10002.0;1
391100;;;PEARLS;SEASHELLS;9996.0;2
392300;;;PEARLS;SEASHELLS;10005.0;2
393000;;;PEARLS;SEASHELLS;9998.0;1
393100;;;PEARLS;SEASHELLS;9998.0;1
393300;;;PEARLS;SEASHELLS;10000.0;1
393300;;;PEARLS;SEASHELLS;9998.0;1
393600;;;PEARLS;SEASHELLS;9998.0;1
394500;;;PEARLS;SEASHELLS;9996.0;1
394700;;;PEARLS;SEASHELLS;10004.0;1
394900;;;PEARLS;SEASHELLS;9998.0;1
396700;;;PEARLS;SEASHELLS;9996.0;2
396800;;;PEARLS;SEASHELLS;10002.0;2
397700;;;PEARLS;SEASHELLS;10002.0;1
399200;;;PEARLS;SEASHELLS;10002.0;3
400400;;;PEARLS;SEASHELLS;9996.0;1
400500;;;PEARLS;SEASHELLS;9998.0;1
400600;;;PEARLS;SEASHELLS;10004.0;1
400600;;;PEARLS;SEASHELLS;10004.0;1
400800;;;PEARLS;SEASHELLS;10002.0;5
401500;;;PEARLS;SEASHELLS;9998.0;3
401500;;;PEARLS;SEASHELLS;9998.0;8
401600;;;PEARLS;SEASHELLS;9998.0;1
402400;;;PEARLS;SEASHELLS;9996.0;2
402800;;;PEARLS;SEASHELLS;9998.0;1
403200;;;PEARLS;SEASHELLS;10002.0;1
403800;;;PEARLS;SEASHELLS;9998.0;1
404200;;;PEARLS;SEASHELLS;10002.0;3
404900;;;PEARLS;SEASHELLS;9998.0;2
405200;;;PEARLS;SEASHELLS;9998.0;3
405900;;;PEARLS;SEASHELLS;9998.0;1
406200;;;PEARLS;SEASHELLS;10002.0;3
407500;;;PEARLS;SEASHELLS;9995.0;1
407500;;;PEARLS;SEASHELLS;9998.0;5
407500;;;PEARLS;SEASHELLS;9998.0;1
407900;;;PEARLS;SEASHELLS;9998.0;1
408600;;;PEARLS;SEASHELLS;10002.0;1
409100;;;PEARLS;SEASHELLS;9998.0;1
409200;;;PEARLS;SEASHELLS;9998.0;1
410200;;;PEARLS;SEASHELLS;9998.0;1
410600;;;PEARLS;SEASHELLS;10004.0;2
410600;;;PEARLS;SEASHELLS;10004.0;9
410700;;;PEARLS;SEASHELLS;9998.0;1
411900;;;PEARLS;SEASHELLS;9998.0;1
412000;;;PEARLS;SEASHELLS;10002.0;3
412000;;;PEARLS;SEASHELLS;10002.0;1
412100;;;PEARLS;SEASHELLS;9998.0;1
412600;;;PEARLS;SEASHELLS;9996.0;2
412900;;;PEARLS;SEASHELLS;10004.0;1
413000;;;PEARLS;SEASHELLS;10002.0;5
413100;;;PEARLS;SEASHELLS;10002.0;1
413100;;;PEARLS;SEASHELLS;9995.0;2
413300;;;PEARLS;SEASHELLS;10002.0;1
413600;;;PEARLS;SEASHELLS;10002.0;2
414000;;;PEARLS;SEASHELLS;10005.0;1
414000;;;PEARLS;SEASHELLS;9998.0;1
414000;;;PEARLS;SEASHELLS;10004.0;2
414000;;;PEARLS;SEASHELLS;10004.0;5
415100;;;PEARLS;SEASHELLS;10002.0;3
415100;;;PEARLS;SEASHELLS;10002.0;8
415800;;;PEARLS;SEASHELLS;9995.0;6
416100;;;PEARLS;SEASHELLS;9998.0;3
416100;;;PEARLS;SEASHELLS;9998.0;2
416800;;;PEARLS;SEASHELLS;10004.0;1
417800;;;PEARLS;SEASHELLS;9998.0;1
417800;;;PEARLS;SEASHELLS;9996.0;1
417900;;;PEARLS;SEASHELLS;9998.0;1
418300;;;PEARLS;SEASHELLS;10002.0;1
418500;;;PEARLS;SEASHELLS;9998.0;1
420100;;;PEARLS;SEASHELLS;10002.0;1
420200;;;PEARLS;SEASHELLS;10005.0;11
420300;;;PEARLS;SEASHELLS;10002.0;4
420600;;;PEARLS;SEASHELLS;9996.0;1
421200;;;PEARLS;SEASHELLS;10002.0;1
421500;;;PEARLS;SEASHELLS;9998.0;1
421900;;;PEARLS;SEASHELLS;10002.0;1
424000;;;PEARLS;SEASHELLS;9998.0;5
424400;;;PEARLS;SEASHELLS;9998.0;1
424400;;;PEARLS;SEASHELLS;9998.0;9
424600;;;PEARLS;SEASHELLS;10004.0;1
424600;;;PEARLS;SEASHELLS;10002.0;1
424700;;;PEARLS;SEASHELLS;10002.0;1
425000;;;PEARLS;SEASHELLS;9996.0;1
425600;;;PEARLS;SEASHELLS;10002.0;1
425600;;;PEARLS;SEASHELLS;9995.0;2
426300;;;PEARLS;SEASHELLS;9998.0;1
426400;;;PEARLS;SEASHELLS;10002.0;5
426800;;;PEARLS;SEASHELLS;9998.0;1
427200;;;PEARLS;SEASHELLS;10002.0;1
427700;;;PEARLS;SEASHELLS;9998.0;1
427800;;;PEARLS;SEASHELLS;9996.0;2
428100;;;PEARLS;SEASHELLS;10004.0;1
428700;;;PEARLS;SEASHELLS;9995.0;11
429100;;;PEARLS;SEASHELLS;10002.0;1
429800;;;PEARLS;SEASHELLS;9998.0;1
430100;;;PEARLS;SEASHELLS;10005.0;3
430500;;;PEARLS;SEASHELLS;10002.0;1
431100;;;PEARLS;SEASHELLS;10002.0;1
431100;;;PEARLS;SEASHELLS;9998.0;5
432300;;;PEARLS;SEASHELLS;10002.0;1
432700;;;PEARLS;SEASHELLS;9998.0;1
432800;;;PEARLS;SEASHELLS;9998.0;1
432800;;;PEARLS;SEASHELLS;9998.0;1
433100;;;PEARLS;SEASHELLS;10002.0;1
433300;;;PEARLS;SEASHELLS;9998.0;1
433500;;;PEARLS;SEASHELLS;10002.0;1
434000;;;PEARLS;SEASHELLS;9998.0;8
434800;;;PEARLS;SEASHELLS;10002.0;1
435400;;;PEARLS;SEASHELLS;9995.0;6
437200;;;PEARLS;SEASHELLS;10004.0;1
437400;;;PEARLS;SEASHELLS;9998.0;2
438400;;;PEARLS;SEASHELLS;10004.0;1
438800;;;PEARLS;SEASHELLS;10002.0;1
439300;;;PEARLS;SEASHELLS;9996.0;1
439700;;;PEARLS;SEASHELLS;10002.0;1
439800;;;PEARLS;SEASHELLS;9996.0;1
439800;;;PEARLS;SEASHELLS;9996.0;7
439900;;;PEARLS;SEASHELLS;10002.0;2
440300;;;PEARLS;SEASHELLS;10004.0;1
440300;;;PEARLS;SEASHELLS;10004.0;4
440700;;;PEARLS;SEASHELLS;9996.0;2
441200;;;PEARLS;SEASHELLS;10002.0;1
441200;;;PEARLS;SEASHELLS;10002.0;1
442100;;;PEARLS;SEASHELLS;10004.0;2
442100;;;PEARLS;SEASHELLS;10004.0;3
442100;;;PEARLS;SEASHELLS;10004.0;1
442300;;;PEARLS;SEASHELLS;10002.0;1
442500;;;PEARLS;SEASHELLS;9998.0;1
442900;;;PEARLS;SEASHELLS;9998.0;1
443000;;;PEARLS;SEASHELLS;10004.0;2
443100;;;PEARLS;SEASHELLS;10002.0;1
443300;;;PEARLS;SEASHELLS;10002.0;3
443500;;;PEARLS;SEASHELLS;10002.0;1
444100;;;PEARLS;SEASHELLS;9996.0;1
444100;;;PEARLS;SEASHELLS;9998.0;1
444100;;;PEARLS;SEASHELLS;9996.0;1
444200;;;PEARLS;SEASHELLS;9998.0;1
444400;;;PEARLS;SEASHELLS;10002.0;1
444500;;;PEARLS;SEASHELLS;9998.0;1
444700;;;PEARLS;SEASHELLS;9998.0;1
444900;;;PEARLS;SEASHELLS;9998.0;1
445300;;;PEARLS;SEASHELLS;9998.0;1
445600;;;PEARLS;SEASHELLS;9998.0;1
446600;;;PEARLS;SEASHELLS;9998.0;1
447000;;;PEARLS;SEASHELLS;10002.0;1
447400;;;PEARLS;SEASHELLS;10002.0;4
448500;;;PEARLS;SEASHELLS;10005.0;2
448700;;;PEARLS;SEASHELLS;10002.0;1
448800;;;PEARLS;SEASHELLS;10002.0;5
448800;;;PEARLS;SEASHELLS;10002.0;1
449400;;;PEARLS;SEASHELLS;10002.0;3
449400;;;PEARLS;SEASHELLS;10002.0;1
450100;;;PEARLS;SEASHELLS;9995.0;2
450400;;;PEARLS;SEASHELLS;10002.0;1
450800;;;PEARLS;SEASHELLS;9996.0;2
451300;;;PEARLS;SEASHELLS;9998.0;1
451600;;;PEARLS;SEASHELLS;10002.0;1
451800;;;PEARLS;SEASHELLS;9996.0;7
451800;;;PEARLS;SEASHELLS;9996.0;1
451900;;;PEARLS;SEASHELLS;10004.0;2
451900;;;PEARLS;SEASHELLS;10004.0;9
452200;;;PEARLS;SEASHELLS;9998.0;1
452200;;;PEARLS;SEASHELLS;9998.0;2
452500;;;PEARLS;SEASHELLS;9998.0;1
453200;;;PEARLS;SEASHELLS;9998.0;1
453900;;;PEARLS;SEASHELLS;10002.0;1
454300;;;PEARLS;SEASHELLS;9998.0;1
454500;;;PEARLS;SEASHELLS;9996.0;1
454800;;;PEARLS;SEASHELLS;10004.0;2
455600;;;PEARLS;SEASHELLS;9996.0;1
456000;;;PEARLS;SEASHELLS;10004.0;1
456400;;;PEARLS;SEASHELLS;9998.0;1
456700;;;PEARLS;SEASHELLS;10002.0;1
456900;;;PEARLS;SEASHELLS;10002.0;4
456900;;;PEARLS;SEASHELLS;10002.0;1
458400;;;PEARLS;SEASHELLS;10004.0;6
458400;;;PEARLS;SEASHELLS;10004.0;1
458500;;;PEARLS;SEASHELLS;10002.0;1
458800;;;PEARLS;SEASHELLS;10002.0;1
459000;;;PEARLS;SEASHELLS;9998.0;1
459700;;;PEARLS;SEASHELLS;10002.0;1
460100;;;PEARLS;SEASHELLS;10002.0;3
461400;;;PEARLS;SEASHELLS;10002.0;5
461700;;;PEARLS;SEASHELLS;9998.0;2
462100;;;PEARLS;SEASHELLS;9998.0;3
462100;;;PEARLS;SEASHELLS;9998.0;1
462200;;;PEARLS;SEASHELLS;10002.0;1
462300;;;PEARLS;SEASHELLS;10002.0;1
463200;;;PEARLS;SEASHELLS;10002.0;1
463900;;;PEARLS;SEASHELLS;10002.0;1
463900;;;PEARLS;SEASHELLS;10005.0;7
464100;;;PEARLS;SEASHELLS;9996.0;1
464500;;;PEARLS;SEASHELLS;10000.0;1
464700;;;PEARLS;SEASHELLS;10002.0;2
464900;;;PEARLS;SEASHELLS;9998.0;1
465000;;;PEARLS;SEASHELLS;10002.0;3
465200;;;PEARLS;SEASHELLS;10004.0;2
465300;;;PEARLS;SEASHELLS;10002.0;1
465500;;;PEARLS;SEASHELLS;10004.0;5
465500;;;PEARLS;SEASHELLS;10004.0;1
466100;;;PEARLS;SEASHELLS;10002.0;1
466200;;;PEARLS;SEASHELLS;9996.0;2
467600;;;PEARLS;SEASHELLS;9995.0;10
468000;;;PEARLS;SEASHELLS;9998.0;1
469100;;;PEARLS;SEASHELLS;10004.0;2
469400;;;PEARLS;SEASHELLS;9998.0;1
469600;;;PEARLS;SEASHELLS;10004.0;2
470800;;;PEARLS;SEASHELLS;10004.0;1
471100;;;PEARLS;SEASHELLS;10002.0;1
471600;;;PEARLS;SEASHELLS;10004.0;1
471900;;;PEARLS;SEASHELLS;9998.0;4
472000;;;PEARLS;SEASHELLS;9998.0;1
472100;;;PEARLS;SEASHELLS;10005.0;2
472200;;;PEARLS;SEASHELLS;9998.0;2
473600;;;PEARLS;SEASHELLS;10002.0;1
474100;;;PEARLS;SEASHELLS;10005.0;11
474300;;;PEARLS;SEASHELLS;9998.0;1
476400;;;PEARLS;SEASHELLS;10005.0;2
477000;;;PEARLS;SEASHELLS;10002.0;5
477500;;;PEARLS;SEASHELLS;9996.0;1
477500;;;PEARLS;SEASHELLS;9998.0;5
477500;;;PEARLS;SEASHELLS;9996.0;1
477600;;;PEARLS;SEASHELLS;10002.0;1
477900;;;PEARLS;SEASHELLS;10000.0;2
478500;;;PEARLS;SEASHELLS;10002.0;2
478600;;;PEARLS;SEASHELLS;9998.0;2
478900;;;PEARLS;SEASHELLS;9996.0;1
479000;;;PEARLS;SEASHELLS;10002.0;1
479400;;;PEARLS;SEASHELLS;9998.0;1
479600;;;PEARLS;SEASHELLS;9996.0;6
479600;;;PEARLS;SEASHELLS;9996.0;2
479800;;;PEARLS;SEASHELLS;10002.0;5
481700;;;PEARLS;SEASHELLS;9998.0;1
482500;;;PEARLS;SEASHELLS;9998.0;1
482600;;;PEARLS;SEASHELLS;9998.0;5
482600;;;PEARLS;SEASHELLS;9998.0;2
482700;;;PEARLS;SEASHELLS;10002.0;5
483300;;;PEARLS;SEASHELLS;10004.0;1
484800;;;PEARLS;SEASHELLS;9996.0;2
484900;;;PEARLS;SEASHELLS;9996.0;1
485500;;;PEARLS;SEASHELLS;9998.0;1
485500;;;PEARLS;SEASHELLS;9996.0;2
485900;;;PEARLS;SEASHELLS;9996.0;1
487200;;;PEARLS;SEASHELLS;10004.0;2
487200;;;PEARLS;SEASHELLS;10004.0;1
487500;;;PEARLS;SEASHELLS;9996.0;2
487700;;;PEARLS;SEASHELLS;9996.0;1
487700;;;PEARLS;SEASHELLS;9996.0;2
488200;;;PEARLS;SEASHELLS;10002.0;1
488200;;;PEARLS;SEASHELLS;10005.0;2
490000;;;PEARLS;SEASHELLS;10002.0;1
490400;;;PEARLS;SEASHELLS;9995.0;1
490800;;;PEARLS;SEASHELLS;10002.0;1
490800;;;PEARLS;SEASHELLS;10002.0;3
491000;;;PEARLS;SEASHELLS;9998.0;1
491300;;;PEARLS;SEASHELLS;10002.0;1
492800;;;PEARLS;SEASHELLS;10002.0;2
492900;;;PEARLS;SEASHELLS;10004.0;1
493200;;;PEARLS;SEASHELLS;9996.0;1
493800;;;PEARLS;SEASHELLS;10002.0;4
494100;;;PEARLS;SEASHELLS;9998.0;1
494300;;;PEARLS;SEASHELLS;10005.0;7
495500;;;PEARLS;SEASHELLS;10002.0;2
496600;;;PEARLS;SEASHELLS;9998.0;3
496600;;;PEARLS;SEASHELLS;9998.0;1
496900;;;PEARLS;SEASHELLS;9998.0;1
496900;;;PEARLS;SEASHELLS;9998.0;5
498000;;;PEARLS;SEASHELLS;9998.0;2
498600;;;PEARLS;SEASHELLS;10004.0;2
498800;;;PEARLS;SEASHELLS;10002.0;1
499600;;;PEARLS;SEASHELLS;9996.0;2
499800;;;PEARLS;SEASHELLS;9998.0;1
500000;;;PEARLS;SEASHELLS;9996.0;1
500200;;;PEARLS;SEASHELLS;10002.0;5
500300;;;PEARLS;SEASHELLS;10004.0;1
500700;;;PEARLS;SEASHELLS;10002.0;9
500800;;;PEARLS;SEASHELLS;10002.0;1
500900;;;PEARLS;SEASHELLS;9996.0;2
501100;;;PEARLS;SEASHELLS;9998.0;3
501500;;;PEARLS;SEASHELLS;10002.0;2
501600;;;PEARLS;SEASHELLS;10004.0;1
501700;;;PEARLS;SEASHELLS;9998.0;1
501800;;;PEARLS;SEASHELLS;9998.0;3
501900;;;PEARLS;SEASHELLS;10002.0;2
502100;;;PEARLS;SEASHELLS;9998.0;1
502100;;;PEARLS;SEASHELLS;9998.0;5
502100;;;PEARLS;SEASHELLS;9996.0;2
502600;;;PEARLS;SEASHELLS;10002.0;1
502700;;;PEARLS;SEASHELLS;10004.0;1
503000;;;PEARLS;SEASHELLS;9996.0;8
503000;;;PEARLS;SEASHELLS;9996.0;2
503100;;;PEARLS;SEASHELLS;10002.0;3
503600;;;PEARLS;SEASHELLS;10002.0;1
505800;;;PEARLS;SEASHELLS;9996.0;2
506000;;;PEARLS;SEASHELLS;10004.0;1
506200;;;PEARLS;SEASHELLS;10002.0;1
506200;;;PEARLS;SEASHELLS;10002.0;1
506300;;;PEARLS;SEASHELLS;10005.0;1
506800;;;PEARLS;SEASHELLS;9998.0;2
507300;;;PEARLS;SEASHELLS;9998.0;1
507700;;;PEARLS;SEASHELLS;9998.0;1
508100;;;PEARLS;SEASHELLS;10005.0;1
508500;;;PEARLS;SEASHELLS;10002.0;5
508800;;;PEARLS;SEASHELLS;10002.0;2
509500;;;PEARLS;SEASHELLS;10002.0;1
509700;;;PEARLS;SEASHELLS;9998.0;5
510800;;;PEARLS;SEASHELLS;10002.0;1
510800;;;PEARLS;SEASHELLS;9998.0;9
511000;;;PEARLS;SEASHELLS;10002.0;1
511100;;;PEARLS;SEASHELLS;9998.0;1
511400;;;PEARLS;SEASHELLS;10002.0;5
512200;;;PEARLS;SEASHELLS;10002.0;1
512400;;;PEARLS;SEASHELLS;10002.0;1
512500;;;PEARLS;SEASHELLS;10004.0;1
512500;;;PEARLS;SEASHELLS;10004.0;4
513500;;;PEARLS;SEASHELLS;10004.0;1
514300;;;PEARLS;SEASHELLS;9996.0;2
515200;;;PEARLS;SEASHELLS;10002.0;1
516100;;;PEARLS;SEASHELLS;10004.0;2
516100;;;PEARLS;SEASHELLS;10004.0;1
516400;;;PEARLS;SEASHELLS;10004.0;1
516600;;;PEARLS;SEASHELLS;10002.0;2
517200;;;PEARLS;SEASHELLS;10004.0;1
517200;;;PEARLS;SEASHELLS;10004.0;2
517400;;;PEARLS;SEASHELLS;9995.0;9
517600;;;PEARLS;SEASHELLS;9995.0;2
517800;;;PEARLS;SEASHELLS;10002.0;1
518100;;;PEARLS;SEASHELLS;10002.0;2
518700;;;PEARLS;SEASHELLS;9995.0;1
519000;;;PEARLS;SEASHELLS;10004.0;2
519800;;;PEARLS;SEASHELLS;10002.0;1
520100;;;PEARLS;SEASHELLS;10005.0;5
520200;;;PEARLS;SEASHELLS;10002.0;6
520200;;;PEARLS;SEASHELLS;10002.0;3
521200;;;PEARLS;SEASHELLS;9998.0;2
521700;;;PEARLS;SEASHELLS;9998.0;1
521800;;;PEARLS;SEASHELLS;9996.0;1
521800;;;PEARLS;SEASHELLS;9996.0;7
522500;;;PEARLS;SEASHELLS;10002.0;5
522600;;;PEARLS;SEASHELLS;10002.0;1
522700;;;PEARLS;SEASHELLS;9998.0;1
523400;;;PEARLS;SEASHELLS;10002.0;1
523600;;;PEARLS;SEASHELLS;10002.0;1
523700;;;PEARLS;SEASHELLS;9996.0;1
524400;;;PEARLS;SEASHELLS;9998.0;6
524500;;;PEARLS;SEASHELLS;10005.0;2
524900;;;PEARLS;SEASHELLS;9995.0;2
525100;;;PEARLS;SEASHELLS;10002.0;1
525700;;;PEARLS;SEASHELLS;9996.0;1
525900;;;PEARLS;SEASHELLS;9998.0;3
526200;;;PEARLS;SEASHELLS;10002.0;1
526400;;;PEARLS;SEASHELLS;9996.0;2
527200;;;PEARLS;SEASHELLS;10002.0;1
527300;;;PEARLS;SEASHELLS;9998.0;1
527300;;;PEARLS;SEASHELLS;9998.0;4
527400;;;PEARLS;SEASHELLS;9998.0;1
530300;;;PEARLS;SEASHELLS;10002.0;1
530700;;;PEARLS;SEASHELLS;9998.0;1
531700;;;PEARLS;SEASHELLS;10002.0;3
531900;;;PEARLS;SEASHELLS;10004.0;2
532300;;;PEARLS;SEASHELLS;9998.0;1
532300;;;PEARLS;SEASHELLS;9998.0;5
532500;;;PEARLS;SEASHELLS;9996.0;1
534100;;;PEARLS;SEASHELLS;9996.0;1
535400;;;PEARLS;SEASHELLS;9998.0;1
536000;;;PEARLS;SEASHELLS;10002.0;1
536100;;;PEARLS;SEASHELLS;9998.0;6
536100;;;PEARLS;SEASHELLS;10004.0;1
536500;;;PEARLS;SEASHELLS;9998.0;3
536800;;;PEARLS;SEASHELLS;10002.0;5
536800;;;PEARLS;SEASHELLS;10002.0;1
537200;;;PEARLS;SEASHELLS;10005.0;3
537500;;;PEARLS;SEASHELLS;9998.0;1
539300;;;PEARLS;SEASHELLS;9998.0;1
539400;;;PEARLS;SEASHELLS;9998.0;1
539600;;;PEARLS;SEASHELLS;9998.0;1
539900;;;PEARLS;SEASHELLS;10004.0;10
539900;;;PEARLS;SEASHELLS;10004.0;1
540100;;;PEARLS;SEASHELLS;10004.0;1
540500;;;PEARLS;SEASHELLS;10002.0;1
540700;;;PEARLS;SEASHELLS;10004.0;1
541200;;;PEARLS;SEASHELLS;10005.0;1
541700;;;PEARLS;SEASHELLS;9998.0;1
542200;;;PEARLS;SEASHELLS;10002.0;4
542800;;;PEARLS;SEASHELLS;10002.0;1
542900;;;PEARLS;SEASHELLS;10002.0;2
544500;;;PEARLS;SEASHELLS;9995.0;9
544500;;;PEARLS;SEASHELLS;9995.0;1
545100;;;PEARLS;SEASHELLS;9998.0;2
545200;;;PEARLS;SEASHELLS;9996.0;2
546100;;;PEARLS;SEASHELLS;10002.0;1
547700;;;PEARLS;SEASHELLS;10002.0;1
547800;;;PEARLS;SEASHELLS;10002.0;1
548000;;;PEARLS;SEASHELLS;9996.0;1
548100;;;PEARLS;SEASHELLS;10002.0;1
548400;;;PEARLS;SEASHELLS;9996.0;1
548400;;;PEARLS;SEASHELLS;9996.0;1
550600;;;PEARLS;SEASHELLS;9998.0;1
550800;;;PEARLS;SEASHELLS;10004.0;1
550900;;;PEARLS;SEASHELLS;9996.0;1
551300;;;PEARLS;SEASHELLS;9998.0;2
551300;;;PEARLS;SEASHELLS;10002.0;2
551700;;;PEARLS;SEASHELLS;10004.0;1
551900;;;PEARLS;SEASHELLS;10004.0;1
551900;;;PEARLS;SEASHELLS;10004.0;1
552800;;;PEARLS;SEASHELLS;10002.0;1
553400;;;PEARLS;SEASHELLS;9998.0;5
553900;;;PEARLS;SEASHELLS;9995.0;1
554700;;;PEARLS;SEASHELLS;10002.0;1
554800;;;PEARLS;SEASHELLS;10002.0;1
555000;;;PEARLS;SEASHELLS;9998.0;6
555300;;;PEARLS;SEASHELLS;9996.0;1
555400;;;PEARLS;SEASHELLS;10002.0;1
555500;;;PEARLS;SEASHELLS;10002.0;1
555600;;;PEARLS;SEASHELLS;9996.0;1
556400;;;PEARLS;SEASHELLS;9998.0;1
556600;;;PEARLS;SEASHELLS;10002.0;1
556700;;;PEARLS;SEASHELLS;9996.0;6
556700;;;PEARLS;SEASHELLS;9996.0;2
558000;;;PEARLS;SEASHELLS;9998.0;1
558100;;;PEARLS;SEASHELLS;9998.0;4
558700;;;PEARLS;SEASHELLS;10002.0;4
559300;;;PEARLS;SEASHELLS;9995.0;2
559800;;;PEARLS;SEASHELLS;10002.0;1
560200;;;PEARLS;SEASHELLS;10002.0;1
560600;;;PEARLS;SEASHELLS;9995.0;1
560900;;;PEARLS;SEASHELLS;10002.0;5
561200;;;PEARLS;SEASHELLS;10002.0;3
561800;;;PEARLS;SEASHELLS;10002.0;1
563400;;;PEARLS;SEASHELLS;9998.0;3
563700;;;PEARLS;SEASHELLS;10005.0;6
564500;;;PEARLS;SEASHELLS;10002.0;9
564500;;;PEARLS;SEASHELLS;10002.0;3
565600;;;PEARLS;SEASHELLS;9995.0;1
566200;;;PEARLS;SEASHELLS;9998.0;1
566700;;;PEARLS;SEASHELLS;9998.0;3
566800;;;PEARLS;SEASHELLS;10004.0;2
567000;;;PEARLS;SEASHELLS;10004.0;1
567300;;;PEARLS;SEASHELLS;10002.0;2
567400;;;PEARLS;SEASHELLS;10002.0;5
567600;;;PEARLS;SEASHELLS;9995.0;8
567700;;;PEARLS;SEASHELLS;9995.0;2
567900;;;PEARLS;SEASHELLS;9998.0;4
568700;;;PEARLS;SEASHELLS;10002.0;1
569200;;;PEARLS;SEASHELLS;10002.0;1
570200;;;PEARLS;SEASHELLS;9998.0;9
570200;;;PEARLS;SEASHELLS;9998.0;3
570700;;;PEARLS;SEASHELLS;9996.0;1
570700;;;PEARLS;SEASHELLS;9996.0;1
570800;;;PEARLS;SEASHELLS;9998.0;1
571500;;;PEARLS;SEASHELLS;9998.0;1
571900;;;PEARLS;SEASHELLS;10002.0;2
572000;;;PEARLS;SEASHELLS;10004.0;1
572400;;;PEARLS;SEASHELLS;9998.0;1
572600;;;PEARLS;SEASHELLS;9995.0;1
573000;;;PEARLS;SEASHELLS;10004.0;2
574000;;;PEARLS;SEASHELLS;9996.0;2
574000;;;PEARLS;SEASHELLS;10002.0;1
574000;;;PEARLS;SEASHELLS;9996.0;5
574300;;;PEARLS;SEASHELLS;10002.0;2
574500;;;PEARLS;SEASHELLS;9996.0;2
574700;;;PEARLS;SEASHELLS;10002.0;5
574700;;;PEARLS;SEASHELLS;10005.0;10
574900;;;PEARLS;SEASHELLS;10002.0;1
575200;;;PEARLS;SEASHELLS;9998.0;1
575500;;;PEARLS;SEASHELLS;9998.0;1
575900;;;PEARLS;SEASHELLS;9998.0;1
576000;;;PEARLS;SEASHELLS;9998.0;1
576200;;;PEARLS;SEASHELLS;9998.0;1
576300;;;PEARLS;SEASHELLS;9998.0;2
576300;;;PEARLS;SEASHELLS;9998.0;2
576700;;;PEARLS;SEASHELLS;9998.0;1
576700;;;PEARLS;SEASHELLS;10005.0;10
577000;;;PEARLS;SEASHELLS;10004.0;2
578200;;;PEARLS;SEASHELLS;9998.0;1
578400;;;PEARLS;SEASHELLS;9995.0;1
578900;;;PEARLS;SEASHELLS;9998.0;1
579800;;;PEARLS;SEASHELLS;10002.0;1
579800;;;PEARLS;SEASHELLS;9998.0;1
579900;;;PEARLS;SEASHELLS;10002.0;3
580700;;;PEARLS;SEASHELLS;10002.0;1
580900;;;PEARLS;SEASHELLS;10002.0;1
581200;;;PEARLS;SEASHELLS;10004.0;1
581300;;;PEARLS;SEASHELLS;10004.0;2
582800;;;PEARLS;SEASHELLS;9998.0;4
582800;;;PEARLS;SEASHELLS;9998.0;1
583600;;;PEARLS;SEASHELLS;10002.0;1
583700;;;PEARLS;SEASHELLS;9996.0;2
585000;;;PEARLS;SEASHELLS;10002.0;1
585500;;;PEARLS;SEASHELLS;10004.0;2
585700;;;PEARLS;SEASHELLS;10002.0;1
586200;;;PEARLS;SEASHELLS;10005.0;1
586300;;;PEARLS;SEASHELLS;9998.0;1
586500;;;PEARLS;SEASHELLS;10005.0;1
586700;;;PEARLS;SEASHELLS;10005.0;11
587200;;;PEARLS;SEASHELLS;10004.0;1
587500;;;PEARLS;SEASHELLS;9998.0;1
588700;;;PEARLS;SEASHELLS;10002.0;1
588800;;;PEARLS;SEASHELLS;9998.0;1
589000;;;PEARLS;SEASHELLS;10002.0;3
589900;;;PEARLS;SEASHELLS;9998.0;1
590100;;;PEARLS;SEASHELLS;10004.0;2
590400;;;PEARLS;SEASHELLS;9998.0;1
590600;;;PEARLS;SEASHELLS;10002.0;1
591000;;;PEARLS;SEASHELLS;9998.0;1
591000;;;PEARLS;SEASHELLS;9998.0;1
591400;;;PEARLS;SEASHELLS;10002.0;1
591900;;;PEARLS;SEASHELLS;10002.0;1
592200;;;PEARLS;SEASHELLS;9998.0;1
592300;;;PEARLS;SEASHELLS;9998.0;1
592400;;;PEARLS;SEASHELLS;10002.0;1
592500;;;PEARLS;SEASHELLS;10004.0;2
592900;;;PEARLS;SEASHELLS;10004.0;1
593100;;;PEARLS;SEASHELLS;10000.0;1
593100;;;PEARLS;SEASHELLS;10002.0;1
593300;;;PEARLS;SEASHELLS;10004.0;2
594000;;;PEARLS;SEASHELLS;9998.0;4
594800;;;PEARLS;SEASHELLS;10004.0;2
594800;;;PEARLS;SEASHELLS;10005.0;2
594900;;;PEARLS;SEASHELLS;10002.0;1
595200;;;PEARLS;SEASHELLS;10002.0;3
595300;;;PEARLS;SEASHELLS;10000.0;1
595500;;;PEARLS;SEASHELLS;10004.0;1
595800;;;PEARLS;SEASHELLS;9998.0;1
596600;;;PEARLS;SEASHELLS;10004.0;1
596900;;;PEARLS;SEASHELLS;9998.0;1
597200;;;PEARLS;SEASHELLS;10002.0;1
597600;;;PEARLS;SEASHELLS;9995.0;11
598000;;;PEARLS;SEASHELLS;10002.0;1
598100;;;PEARLS;SEASHELLS;10004.0;2
598100;;;PEARLS;SEASHELLS;10004.0;8
598700;;;PEARLS;SEASHELLS;10002.0;1
599000;;;PEARLS;SEASHELLS;9995.0;2
599100;;;PEARLS;SEASHELLS;10004.0;1
599300;;;PEARLS;SEASHELLS;9998.0;2
599500;;;PEARLS;SEASHELLS;9998.0;2
599700;;;PEARLS;SEASHELLS;10004.0;1
599700;;;PEARLS;SEASHELLS;10004.0;1
600200;;;PEARLS;SEASHELLS;10002.0;1
600400;;;PEARLS;SEASHELLS;9998.0;1
600500;;;PEARLS;SEASHELLS;9998.0;8
601500;;;PEARLS;SEASHELLS;10000.0;4
601500;;;PEARLS;SEASHELLS;10002.0;1
601600;;;PEARLS;SEASHELLS;10004.0;1
601700;;;PEARLS;SEASHELLS;9998.0;2
602700;;;PEARLS;SEASHELLS;10004.0;1
602900;;;PEARLS;SEASHELLS;9995.0;6
604700;;;PEARLS;SEASHELLS;9998.0;1
605200;;;PEARLS;SEASHELLS;9996.0;2
605700;;;PEARLS;SEASHELLS;10004.0;1
607200;;;PEARLS;SEASHELLS;10004.0;6
607200;;;PEARLS;SEASHELLS;10004.0;1
607200;;;PEARLS;SEASHELLS;10004.0;5
607600;;;PEARLS;SEASHELLS;10005.0;4
607700;;;PEARLS;SEASHELLS;10002.0;5
608400;;;PEARLS;SEASHELLS;9995.0;2
609000;;;PEARLS;SEASHELLS;10002.0;2
609900;;;PEARLS;SEASHELLS;9996.0;1
610200;;;PEARLS;SEASHELLS;9998.0;1
610400;;;PEARLS;SEASHELLS;10005.0;2
610800;;;PEARLS;SEASHELLS;10000.0;1
611400;;;PEARLS;SEASHELLS;10002.0;1
611400;;;PEARLS;SEASHELLS;10002.0;3
611600;;;PEARLS;SEASHELLS;10002.0;5
611700;;;PEARLS;SEASHELLS;9995.0;6
611900;;;PEARLS;SEASHELLS;9998.0;8
612500;;;PEARLS;SEASHELLS;9998.0;1
612500;;;PEARLS;SEASHELLS;9998.0;4
612900;;;PEARLS;SEASHELLS;9995.0;1
614000;;;PEARLS;SEASHELLS;10005.0;1
614200;;;PEARLS;SEASHELLS;9998.0;1
614800;;;PEARLS;SEASHELLS;10000.0;2
614800;;;PEARLS;SEASHELLS;9998.0;1
615100;;;PEARLS;SEASHELLS;10005.0;2
615300;;;PEARLS;SEASHELLS;10004.0;2
615400;;;PEARLS;SEASHELLS;10002.0;1
617400;;;PEARLS;SEASHELLS;10002.0;1
617700;;;PEARLS;SEASHELLS;10002.0;2
617700;;;PEARLS;SEASHELLS;10002.0;6
618500;;;PEARLS;SEASHELLS;9998.0;3
619000;;;PEARLS;SEASHELLS;10002.0;1
619400;;;PEARLS;SEASHELLS;9998.0;1
621000;;;PEARLS;SEASHELLS;9998.0;1
621300;;;PEARLS;SEASHELLS;9998.0;1
622200;;;PEARLS;SEASHELLS;10002.0;2
622300;;;PEARLS;SEASHELLS;9996.0;1
622700;;;PEARLS;SEASHELLS;10004.0;2
623100;;;PEARLS;SEASHELLS;10002.0;1
623600;;;PEARLS;SEASHELLS;9996.0;1
624700;;;PEARLS;SEASHELLS;10002.0;1
624800;;;PEARLS;SEASHELLS;10002.0;1
625000;;;PEARLS;SEASHELLS;10002.0;4
625500;;;PEARLS;SEASHELLS;9998.0;1
625700;;;PEARLS;SEASHELLS;10002.0;2
625800;;;PEARLS;SEASHELLS;10005.0;1
626700;;;PEARLS;SEASHELLS;9998.0;1
626800;;;PEARLS;SEASHELLS;10004.0;1
627600;;;PEARLS;SEASHELLS;10002.0;3
627600;;;PEARLS;SEASHELLS;10002.0;1
627600;;;PEARLS;SEASHELLS;10002.0;1
627800;;;PEARLS;SEASHELLS;9996.0;1
628300;;;PEARLS;SEASHELLS;9996.0;1
628700;;;PEARLS;SEASHELLS;9995.0;2
629200;;;PEARLS;SEASHELLS;10002.0;1
629900;;;PEARLS;SEASHELLS;9998.0;2
630100;;;PEARLS;SEASHELLS;9995.0;1
630300;;;PEARLS;SEASHELLS;10005.0;2
630400;;;PEARLS;SEASHELLS;9998.0;1
632100;;;PEARLS;SEASHELLS;10004.0;2
632800;;;PEARLS;SEASHELLS;10002.0;1
633100;;;PEARLS;SEASHELLS;9998.0;1
633700;;;PEARLS;SEASHELLS;10004.0;1
634000;;;PEARLS;SEASHELLS;10002.0;1
634100;;;PEARLS;SEASHELLS;10002.0;1
634400;;;PEARLS;SEASHELLS;10004.0;1
636000;;;PEARLS;SEASHELLS;10002.0;1
637500;;;PEARLS;SEASHELLS;9996.0;1
637900;;;PEARLS;SEASHELLS;10004.0;1
637900;;;PEARLS;SEASHELLS;10004.0;1
638200;;;PEARLS;SEASHELLS;9998.0;2
639900;;;PEARLS;SEASHELLS;9998.0;1
640400;;;PEARLS;SEASHELLS;9998.0;4
641100;;;PEARLS;SEASHELLS;9998.0;1
641700;;;PEARLS;SEASHELLS;10002.0;7
641700;;;PEARLS;SEASHELLS;9998.0;1
641800;;;PEARLS;SEASHELLS;10005.0;7
642000;;;PEARLS;SEASHELLS;10002.0;1
642700;;;PEARLS;SEASHELLS;10005.0;2
642700;;;PEARLS;SEASHELLS;10004.0;2
642700;;;PEARLS;SEASHELLS;10004.0;2
643400;;;PEARLS;SEASHELLS;10002.0;4
643400;;;PEARLS;SEASHELLS;10002.0;1
643600;;;PEARLS;SEASHELLS;9996.0;1
644100;;;PEARLS;SEASHELLS;10005.0;7
644500;;;PEARLS;SEASHELLS;9998.0;1
644600;;;PEARLS;SEASHELLS;9996.0;1
644800;;;PEARLS;SEASHELLS;10002.0;1
645400;;;PEARLS;SEASHELLS;9996.0;3
645400;;;PEARLS;SEASHELLS;9996.0;1
646800;;;PEARLS;SEASHELLS;9998.0;1
646900;;;PEARLS;SEASHELLS;9998.0;1
647300;;;PEARLS;SEASHELLS;10002.0;2
647300;;;PEARLS;SEASHELLS;10002.0;2
647400;;;PEARLS;SEASHELLS;10002.0;1
648300;;;PEARLS;SEASHELLS;9998.0;1
648600;;;PEARLS;SEASHELLS;9998.0;1
650000;;;PEARLS;SEASHELLS;9998.0;1
650300;;;PEARLS;SEASHELLS;10004.0;1
650400;;;PEARLS;SEASHELLS;9998.0;6
651000;;;PEARLS;SEASHELLS;10005.0;2
651200;;;PEARLS;SEASHELLS;10002.0;1
651300;;;PEARLS;SEASHELLS;10002.0;1
651500;;;PEARLS;SEASHELLS;9998.0;5
652000;;;PEARLS;SEASHELLS;9998.0;1
652500;;;PEARLS;SEASHELLS;9998.0;1
652800;;;PEARLS;SEASHELLS;10002.0;1
653000;;;PEARLS;SEASHELLS;10002.0;3
654400;;;PEARLS;SEASHELLS;10004.0;2
655900;;;PEARLS;SEASHELLS;9996.0;2
656000;;;PEARLS;SEASHELLS;9996.0;1
656200;;;PEARLS;SEASHELLS;10004.0;10
656200;;;PEARLS;SEASHELLS;10004.0;2
656300;;;PEARLS;SEASHELLS;10002.0;1
656400;;;PEARLS;SEASHELLS;9998.0;1
657400;;;PEARLS;SEASHELLS;10002.0;1
658000;;;PEARLS;SEASHELLS;9996.0;2
658000;;;PEARLS;SEASHELLS;9996.0;2
658300;;;PEARLS;SEASHELLS;10004.0;1
658300;;;PEARLS;SEASHELLS;10004.0;2
659300;;;PEARLS;SEASHELLS;9998.0;6
659300;;;PEARLS;SEASHELLS;9998.0;5
659500;;;PEARLS;SEASHELLS;10005.0;1
660200;;;PEARLS;SEASHELLS;10002.0;4
660500;;;PEARLS;SEASHELLS;10002.0;1
661100;;;PEARLS;SEASHELLS;9995.0;2
661400;;;PEARLS;SEASHELLS;10002.0;1
661800;;;PEARLS;SEASHELLS;10002.0;1
662600;;;PEARLS;SEASHELLS;10005.0;2
662700;;;PEARLS;SEASHELLS;9996.0;2
662900;;;PEARLS;SEASHELLS;9998.0;1
663000;;;PEARLS;SEASHELLS;10005.0;2
663200;;;PEARLS;SEASHELLS;10002.0;1
663600;;;PEARLS;SEASHELLS;9998.0;1
664700;;;PEARLS;SEASHELLS;10005.0;2
664900;;;PEARLS;SEASHELLS;9995.0;2
665000;;;PEARLS;SEASHELLS;10002.0;2
665300;;;PEARLS;SEASHELLS;9998.0;5
665400;;;PEARLS;SEASHELLS;9995.0;2
665500;;;PEARLS;SEASHELLS;10002.0;1
665700;;;PEARLS;SEASHELLS;10005.0;2
666400;;;PEARLS;SEASHELLS;9996.0;1
666600;;;PEARLS;SEASHELLS;10002.0;1
666800;;;PEARLS;SEASHELLS;9995.0;7
666900;;;PEARLS;SEASHELLS;9996.0;1
667800;;;PEARLS;SEASHELLS;10002.0;5
667900;;;PEARLS;SEASHELLS;9998.0;4
668000;;;PEARLS;SEASHELLS;10004.0;1
668300;;;PEARLS;SEASHELLS;10004.0;2
668400;;;PEARLS;SEASHELLS;10002.0;4
668700;;;PEARLS;SEASHELLS;10002.0;1
669600;;;PEARLS;SEASHELLS;10004.0;1
669800;;;PEARLS;SEASHELLS;9998.0;2
670800;;;PEARLS;SEASHELLS;10002.0;1
671600;;;PEARLS;SEASHELLS;10002.0;1
672200;;;PEARLS;SEASHELLS;9998.0;1
672400;;;PEARLS;SEASHELLS;9998.0;3
673700;;;PEARLS;SEASHELLS;9995.0;2
674600;;;PEARLS;SEASHELLS;10004.0;2
674800;;;PEARLS;SEASHELLS;9998.0;4
674800;;;PEARLS;SEASHELLS;9998.0;4
675900;;;PEARLS;SEASHELLS;10004.0;2
676100;;;PEARLS;SEASHELLS;9998.0;1
676200;;;PEARLS;SEASHELLS;10002.0;1
676500;;;PEARLS;SEASHELLS;10002.0;1
676500;;;PEARLS;SEASHELLS;10002.0;3
676800;;;PEARLS;SEASHELLS;9995.0;3
676900;;;PEARLS;SEASHELLS;10002.0;1
677100;;;PEARLS;SEASHELLS;9995.0;7
677300;;;PEARLS;SEASHELLS;10002.0;3
677900;;;PEARLS;SEASHELLS;9998.0;1
678000;;;PEARLS;SEASHELLS;10004.0;1
678300;;;PEARLS;SEASHELLS;10002.0;2
678400;;;PEARLS;SEASHELLS;9998.0;1
678800;;;PEARLS;SEASHELLS;10002.0;3
679000;;;PEARLS;SEASHELLS;10004.0;1
679200;;;PEARLS;SEASHELLS;9998.0;3
679200;;;PEARLS;SEASHELLS;9998.0;4
679300;;;PEARLS;SEASHELLS;9996.0;1
679300;;;PEARLS;SEASHELLS;9996.0;1
679500;;;PEARLS;SEASHELLS;10002.0;3
680400;;;PEARLS;SEASHELLS;9998.0;1
680500;;;PEARLS;SEASHELLS;10005.0;1
681600;;;PEARLS;SEASHELLS;9996.0;1
681600;;;PEARLS;SEASHELLS;9996.0;1
681700;;;PEARLS;SEASHELLS;10002.0;1
682900;;;PEARLS;SEASHELLS;10004.0;1
682900;;;PEARLS;SEASHELLS;10004.0;7
683000;;;PEARLS;SEASHELLS;9998.0;1
683100;;;PEARLS;SEASHELLS;9998.0;1
683300;;;PEARLS;SEASHELLS;9998.0;1
683500;;;PEARLS;SEASHELLS;10002.0;1
685600;;;PEARLS;SEASHELLS;9998.0;1
686500;;;PEARLS;SEASHELLS;10002.0;4
687100;;;PEARLS;SEASHELLS;10002.0;1
687100;;;PEARLS;SEASHELLS;10002.0;9
687300;;;PEARLS;SEASHELLS;9998.0;1
687400;;;PEARLS;SEASHELLS;9996.0;1
687400;;;PEARLS;SEASHELLS;9996.0;1
688200;;;PEARLS;SEASHELLS;10002.0;1
688300;;;PEARLS;SEASHELLS;9996.0;2
689200;;;PEARLS;SEASHELLS;9998.0;1
690200;;;PEARLS;SEASHELLS;10002.0;1
690300;;;PEARLS;SEASHELLS;9996.0;4
690300;;;PEARLS;SEASHELLS;9996.0;2
690800;;;PEARLS;SEASHELLS;9996.0;2
690800;;;PEARLS;SEASHELLS;9996.0;2
691100;;;PEARLS;SEASHELLS;9998.0;1
691900;;;PEARLS;SEASHELLS;10005.0;2
692500;;;PEARLS;SEASHELLS;9998.0;1
692800;;;PEARLS;SEASHELLS;9996.0;1
692800;;;PEARLS;SEASHELLS;9996.0;7
693200;;;PEARLS;SEASHELLS;9998.0;1
694500;;;PEARLS;SEASHELLS;9998.0;1
694800;;;PEARLS;SEASHELLS;10005.0;1
696000;;;PEARLS;SEASHELLS;9996.0;2
696100;;;PEARLS;SEASHELLS;9998.0;1
696800;;;PEARLS;SEASHELLS;10004.0;2
697300;;;PEARLS;SEASHELLS;10002.0;5
697600;;;PEARLS;SEASHELLS;9996.0;1
699100;;;PEARLS;SEASHELLS;9996.0;1
699400;;;PEARLS;SEASHELLS;9998.0;8
699500;;;PEARLS;SEASHELLS;9998.0;1
699700;;;PEARLS;SEASHELLS;10004.0;2
699700;;;PEARLS;SEASHELLS;10004.0;1
700100;;;PEARLS;SEASHELLS;10002.0;6
700300;;;PEARLS;SEASHELLS;10005.0;6
700400;;;PEARLS;SEASHELLS;10002.0;2
700600;;;PEARLS;SEASHELLS;9995.0;1
700700;;;PEARLS;SEASHELLS;9998.0;1
700900;;;PEARLS;SEASHELLS;10004.0;1
701200;;;PEARLS;SEASHELLS;10002.0;1
701300;;;PEARLS;SEASHELLS;10004.0;1
701400;;;PEARLS;SEASHELLS;10004.0;1
703100;;;PEARLS;SEASHELLS;9996.0;2
703600;;;PEARLS;SEASHELLS;9996.0;2
703700;;;PEARLS;SEASHELLS;10004.0;2
703900;;;PEARLS;SEASHELLS;9996.0;1
703900;;;PEARLS;SEASHELLS;9996.0;7
705100;;;PEARLS;SEASHELLS;10004.0;1
705100;;;PEARLS;SEASHELLS;10004.0;1
705200;;;PEARLS;SEASHELLS;9998.0;3
705500;;;PEARLS;SEASHELLS;9995.0;1
705700;;;PEARLS;SEASHELLS;9998.0;4
705700;;;PEARLS;SEASHELLS;9998.0;1
705800;;;PEARLS;SEASHELLS;10004.0;1
707000;;;PEARLS;SEASHELLS;10004.0;1
707400;;;PEARLS;SEASHELLS;9998.0;1
707600;;;PEARLS;SEASHELLS;9998.0;1
707600;;;PEARLS;SEASHELLS;9998.0;1
707800;;;PEARLS;SEASHELLS;10002.0;4
707900;;;PEARLS;SEASHELLS;10004.0;1
708200;;;PEARLS;SEASHELLS;9996.0;1
708700;;;PEARLS;SEASHELLS;10002.0;4
709200;;;PEARLS;SEASHELLS;9998.0;1
709400;;;PEARLS;SEASHELLS;10004.0;1
709500;;;PEARLS;SEASHELLS;10005.0;1
709600;;;PEARLS;SEASHELLS;9998.0;1
709800;;;PEARLS;SEASHELLS;9998.0;1
709900;;;PEARLS;SEASHELLS;9998.0;1
710500;;;PEARLS;SEASHELLS;9996.0;1
711100;;;PEARLS;SEASHELLS;10002.0;1
711300;;;PEARLS;SEASHELLS;10002.0;1
711500;;;PEARLS;SEASHELLS;10004.0;1
711600;;;PEARLS;SEASHELLS;9995.0;2
711600;;;PEARLS;SEASHELLS;9998.0;1
712100;;;PEARLS;SEASHELLS;10004.0;2
712400;;;PEARLS;SEASHELLS;10002.0;2
712700;;;PEARLS;SEASHELLS;9998.0;1
713100;;;PEARLS;SEASHELLS;10002.0;1
713200;;;PEARLS;SEASHELLS;9996.0;2
713400;;;PEARLS;SEASHELLS;10002.0;1
714100;;;PEARLS;SEASHELLS;10002.0;2
714200;;;PEARLS;SEASHELLS;10005.0;9
715500;;;PEARLS;SEASHELLS;9996.0;2
715900;;;PEARLS;SEASHELLS;9998.0;1
716600;;;PEARLS;SEASHELLS;10005.0;12
717000;;;PEARLS;SEASHELLS;9996.0;1
717300;;;PEARLS;SEASHELLS;10002.0;1
718200;;;PEARLS;SEASHELLS;9998.0;1
718700;;;PEARLS;SEASHELLS;10005.0;2
718900;;;PEARLS;SEASHELLS;10002.0;1
719200;;;PEARLS;SEASHELLS;10002.0;1
719300;;;PEARLS;SEASHELLS;10002.0;1
720000;;;PEARLS;SEASHELLS;9998.0;1
720400;;;PEARLS;SEASHELLS;10004.0;1
720900;;;PEARLS;SEASHELLS;9998.0;1
721100;;;PEARLS;SEASHELLS;10002.0;1
721600;;;PEARLS;SEASHELLS;10004.0;1
722000;;;PEARLS;SEASHELLS;10002.0;5
722600;;;PEARLS;SEASHELLS;9998.0;2
722900;;;PEARLS;SEASHELLS;9996.0;2
723000;;;PEARLS;SEASHELLS;9995.0;2
723100;;;PEARLS;SEASHELLS;9996.0;2
723300;;;PEARLS;SEASHELLS;9995.0;2
723400;;;PEARLS;SEASHELLS;10005.0;1
723500;;;PEARLS;SEASHELLS;10002.0;1
723800;;;PEARLS;SEASHELLS;9995.0;1
724000;;;PEARLS;SEASHELLS;9998.0;1
724100;;;PEARLS;SEASHELLS;10005.0;2
724600;;;PEARLS;SEASHELLS;9996.0;1
724900;;;PEARLS;SEASHELLS;9996.0;1
727000;;;PEARLS;SEASHELLS;10002.0;4
727700;;;PEARLS;SEASHELLS;9998.0;1
727800;;;PEARLS;SEASHELLS;9998.0;1
728600;;;PEARLS;SEASHELLS;9996.0;1
729300;;;PEARLS;SEASHELLS;9998.0;3
729800;;;PEARLS;SEASHELLS;10002.0;1
730200;;;PEARLS;SEASHELLS;9998.0;1
730400;;;PEARLS;SEASHELLS;9998.0;1
730500;;;PEARLS;SEASHELLS;9996.0;2
730500;;;PEARLS;SEASHELLS;9996.0;2
730700;;;PEARLS;SEASHELLS;9998.0;2
730700;;;PEARLS;SEASHELLS;10004.0;1
730900;;;PEARLS;SEASHELLS;10002.0;1
731200;;;PEARLS;SEASHELLS;10002.0;2
732600;;;PEARLS;SEASHELLS;9996.0;2
732800;;;PEARLS;SEASHELLS;9998.0;1
733000;;;PEARLS;SEASHELLS;9998.0;1
733200;;;PEARLS;SEASHELLS;10004.0;1
733500;;;PEARLS;SEASHELLS;9998.0;3
734300;;;PEARLS;SEASHELLS;9998.0;1
734700;;;PEARLS;SEASHELLS;9996.0;2
734700;;;PEARLS;SEASHELLS;9996.0;8
734700;;;PEARLS;SEASHELLS;10002.0;1
734700;;;PEARLS;SEASHELLS;10002.0;4
734800;;;PEARLS;SEASHELLS;9998.0;2
734800;;;PEARLS;SEASHELLS;9998.0;2
734900;;;PEARLS;SEASHELLS;10002.0;1
735600;;;PEARLS;SEASHELLS;9998.0;1
735800;;;PEARLS;SEASHELLS;10002.0;3
736000;;;PEARLS;SEASHELLS;9998.0;1
736500;;;PEARLS;SEASHELLS;10004.0;1
736500;;;PEARLS;SEASHELLS;10004.0;3
736500;;;PEARLS;SEASHELLS;10005.0;2
738700;;;PEARLS;SEASHELLS;10004.0;1
738800;;;PEARLS;SEASHELLS;9995.0;2
738900;;;PEARLS;SEASHELLS;9996.0;1
739200;;;PEARLS;SEASHELLS;10002.0;6
739400;;;PEARLS;SEASHELLS;9998.0;1
740200;;;PEARLS;SEASHELLS;9998.0;1
741300;;;PEARLS;SEASHELLS;9998.0;1
741500;;;PEARLS;SEASHELLS;10002.0;5
741900;;;PEARLS;SEASHELLS;9998.0;1
742400;;;PEARLS;SEASHELLS;9998.0;1
743100;;;PEARLS;SEASHELLS;10004.0;2
743300;;;PEARLS;SEASHELLS;9998.0;1
743500;;;PEARLS;SEASHELLS;9996.0;2
743500;;;PEARLS;SEASHELLS;9996.0;4
744500;;;PEARLS;SEASHELLS;10004.0;1
744900;;;PEARLS;SEASHELLS;9998.0;1
745200;;;PEARLS;SEASHELLS;9996.0;1
745700;;;PEARLS;SEASHELLS;9996.0;1
745700;;;PEARLS;SEASHELLS;9996.0;6
745900;;;PEARLS;SEASHELLS;9996.0;1
745900;;;PEARLS;SEASHELLS;9996.0;7
746300;;;PEARLS;SEASHELLS;10002.0;3
746300;;;PEARLS;SEASHELLS;10002.0;1
747600;;;PEARLS;SEASHELLS;10002.0;1
747600;;;PEARLS;SEASHELLS;9998.0;5
747600;;;PEARLS;SEASHELLS;9998.0;6
748100;;;PEARLS;SEASHELLS;10005.0;2
748500;;;PEARLS;SEASHELLS;9998.0;2
749100;;;PEARLS;SEASHELLS;10002.0;4
750100;;;PEARLS;SEASHELLS;10002.0;1
750200;;;PEARLS;SEASHELLS;10004.0;2
750300;;;PEARLS;SEASHELLS;10002.0;1
750600;;;PEARLS;SEASHELLS;10002.0;1
751200;;;PEARLS;SEASHELLS;9998.0;1
751300;;;PEARLS;SEASHELLS;9996.0;1
751900;;;PEARLS;SEASHELLS;10002.0;1
752200;;;PEARLS;SEASHELLS;10005.0;1
752400;;;PEARLS;SEASHELLS;10002.0;1
753700;;;PEARLS;SEASHELLS;9995.0;1
753700;;;PEARLS;SEASHELLS;10005.0;5
753800;;;PEARLS;SEASHELLS;10002.0;4
753900;;;PEARLS;SEASHELLS;9998.0;1
754000;;;PEARLS;SEASHELLS;10004.0;2
754600;;;PEARLS;SEASHELLS;9998.0;3
754800;;;PEARLS;SEASHELLS;9996.0;7
754800;;;PEARLS;SEASHELLS;9996.0;1
755500;;;PEARLS;SEASHELLS;10004.0;1
755600;;;PEARLS;SEASHELLS;9998.0;1
756200;;;PEARLS;SEASHELLS;10002.0;1
756500;;;PEARLS;SEASHELLS;9998.0;3
756800;;;PEARLS;SEASHELLS;9998.0;1
757000;;;PEARLS;SEASHELLS;9996.0;2
758300;;;PEARLS;SEASHELLS;9996.0;2
759100;;;PEARLS;SEASHELLS;9998.0;1
759200;;;PEARLS;SEASHELLS;10004.0;1
759700;;;PEARLS;SEASHELLS;9998.0;1
760200;;;PEARLS;SEASHELLS;9996.0;1
760200;;;PEARLS;SEASHELLS;9996.0;9
760700;;;PEARLS;SEASHELLS;9996.0;1
760900;;;PEARLS;SEASHELLS;9998.0;1
762200;;;PEARLS;SEASHELLS;9996.0;1
762600;;;PEARLS;SEASHELLS;10005.0;2
762700;;;PEARLS;SEASHELLS;10002.0;3
763000;;;PEARLS;SEASHELLS;9998.0;1
763400;;;PEARLS;SEASHELLS;10004.0;2
763600;;;PEARLS;SEASHELLS;9998.0;3
763700;;;PEARLS;SEASHELLS;9996.0;7
763700;;;PEARLS;SEASHELLS;9996.0;1
763900;;;PEARLS;SEASHELLS;9998.0;1
764800;;;PEARLS;SEASHELLS;10002.0;4
765200;;;PEARLS;SEASHELLS;9998.0;5
766100;;;PEARLS;SEASHELLS;9998.0;1
766500;;;PEARLS;SEASHELLS;10002.0;1
767700;;;PEARLS;SEASHELLS;10002.0;1
768400;;;PEARLS;SEASHELLS;10002.0;2
769300;;;PEARLS;SEASHELLS;9998.0;1
769800;;;PEARLS;SEASHELLS;10002.0;1
770000;;;PEARLS;SEASHELLS;9995.0;9
770100;;;PEARLS;SEASHELLS;9998.0;4
772000;;;PEARLS;SEASHELLS;9998.0;2
772800;;;PEARLS;SEASHELLS;9998.0;1
773800;;;PEARLS;SEASHELLS;9998.0;1
774000;;;PEARLS;SEASHELLS;9998.0;1
775000;;;PEARLS;SEASHELLS;10002.0;1
775500;;;PEARLS;SEASHELLS;9998.0;1
775900;;;PEARLS;SEASHELLS;9996.0;1
776100;;;PEARLS;SEASHELLS;10004.0;1
776300;;;PEARLS;SEASHELLS;10004.0;1
776400;;;PEARLS;SEASHELLS;9998.0;1
777000;;;PEARLS;SEASHELLS;9998.0;1
777200;;;PEARLS;SEASHELLS;9998.0;1
777300;;;PEARLS;SEASHELLS;9998.0;1
778200;;;PEARLS;SEASHELLS;10004.0;2
778300;;;PEARLS;SEASHELLS;9998.0;1
778500;;;PEARLS;SEASHELLS;9998.0;1
778800;;;PEARLS;SEASHELLS;10002.0;1
778900;;;PEARLS;SEASHELLS;9998.0;1
779000;;;PEARLS;SEASHELLS;10004.0;9
779000;;;PEARLS;SEASHELLS;10004.0;1
779100;;;PEARLS;SEASHELLS;9998.0;1
779700;;;PEARLS;SEASHELLS;9998.0;1
779900;;;PEARLS;SEASHELLS;10005.0;1
779900;;;PEARLS;SEASHELLS;10004.0;2
780100;;;PEARLS;SEASHELLS;10002.0;1
781000;;;PEARLS;SEASHELLS;9996.0;1
781000;;;PEARLS;SEASHELLS;9996.0;1
781100;;;PEARLS;SEASHELLS;10004.0;1
781100;;;PEARLS;SEASHELLS;10004.0;1
781300;;;PEARLS;SEASHELLS;10002.0;1
782200;;;PEARLS;SEASHELLS;9996.0;1
782700;;;PEARLS;SEASHELLS;10004.0;1
783100;;;PEARLS;SEASHELLS;10002.0;1
783500;;;PEARLS;SEASHELLS;9998.0;1
784300;;;PEARLS;SEASHELLS;10002.0;1
784700;;;PEARLS;SEASHELLS;10002.0;2
785300;;;PEARLS;SEASHELLS;9998.0;1
785400;;;PEARLS;SEASHELLS;9998.0;4
785700;;;PEARLS;SEASHELLS;10005.0;1
787000;;;PEARLS;SEASHELLS;9998.0;6
787700;;;PEARLS;SEASHELLS;10002.0;1
787900;;;PEARLS;SEASHELLS;10002.0;1
788300;;;PEARLS;SEASHELLS;10004.0;1
788800;;;PEARLS;SEASHELLS;9998.0;1
788900;;;PEARLS;SEASHELLS;10004.0;1
789500;;;PEARLS;SEASHELLS;9996.0;2
789600;;;PEARLS;SEASHELLS;10004.0;2
790200;;;PEARLS;SEASHELLS;10002.0;4
790500;;;PEARLS;SEASHELLS;10002.0;3
791300;;;PEARLS;SEASHELLS;9998.0;1
791700;;;PEARLS;SEASHELLS;9995.0;3
792100;;;PEARLS;SEASHELLS;10002.0;2
792200;;;PEARLS;SEASHELLS;10002.0;1
792500;;;PEARLS;SEASHELLS;10002.0;1
793300;;;PEARLS;SEASHELLS;9998.0;1
793500;;;PEARLS;SEASHELLS;9996.0;1
793800;;;PEARLS;SEASHELLS;9998.0;8
793800;;;PEARLS;SEASHELLS;9998.0;4
794800;;;PEARLS;SEASHELLS;9998.0;1
795400;;;PEARLS;SEASHELLS;9998.0;2
795400;;;PEARLS;SEASHELLS;9998.0;4
796300;;;PEARLS;SEASHELLS;9996.0;2
796500;;;PEARLS;SEASHELLS;9998.0;1
797100;;;PEARLS;SEASHELLS;9998.0;1
797100;;;PEARLS;SEASHELLS;9998.0;1
797300;;;PEARLS;SEASHELLS;10002.0;1
797900;;;PEARLS;SEASHELLS;10004.0;1
797900;;;PEARLS;SEASHELLS;10004.0;1
798000;;;PEARLS;SEASHELLS;9998.0;1
798100;;;PEARLS;SEASHELLS;10005.0;1
798900;;;PEARLS;SEASHELLS;9998.0;2
799300;;;PEARLS;SEASHELLS;10004.0;2
799500;;;PEARLS;SEASHELLS;10000.0;6
799800;;;PEARLS;SEASHELLS;10004.0;2
800000;;;PEARLS;SEASHELLS;9998.0;1
801000;;;PEARLS;SEASHELLS;10005.0;10
801100;;;PEARLS;SEASHELLS;10005.0;1
801500;;;PEARLS;SEASHELLS;9998.0;1
802200;;;PEARLS;SEASHELLS;9998.0;1
803200;;;PEARLS;SEASHELLS;10004.0;2
803700;;;PEARLS;SEASHELLS;9998.0;1
803900;;;PEARLS;SEASHELLS;9998.0;4
804200;;;PEARLS;SEASHELLS;9998.0;1
804600;;;PEARLS;SEASHELLS;10004.0;8
804600;;;PEARLS;SEASHELLS;10004.0;1
804700;;;PEARLS;SEASHELLS;9996.0;1
804800;;;PEARLS;SEASHELLS;10005.0;1
805000;;;PEARLS;SEASHELLS;10004.0;1
805300;;;PEARLS;SEASHELLS;10002.0;5
805800;;;PEARLS;SEASHELLS;9998.0;4
806500;;;PEARLS;SEASHELLS;10004.0;1
806600;;;PEARLS;SEASHELLS;9998.0;2
807200;;;PEARLS;SEASHELLS;9996.0;2
808500;;;PEARLS;SEASHELLS;9998.0;4
809100;;;PEARLS;SEASHELLS;10005.0;1
810000;;;PEARLS;SEASHELLS;9998.0;1
810500;;;PEARLS;SEASHELLS;10005.0;4
810600;;;PEARLS;SEASHELLS;9995.0;1
810800;;;PEARLS;SEASHELLS;10002.0;1
811200;;;PEARLS;SEASHELLS;9996.0;1
811200;;;PEARLS;SEASHELLS;10002.0;5
811200;;;PEARLS;SEASHELLS;9996.0;1
811500;;;PEARLS;SEASHELLS;10004.0;1
811900;;;PEARLS;SEASHELLS;10004.0;10
811900;;;PEARLS;SEASHELLS;10004.0;2
812500;;;PEARLS;SEASHELLS;10004.0;1
812700;;;PEARLS;SEASHELLS;9998.0;2
812700;;;PEARLS;SEASHELLS;9998.0;1
812900;;;PEARLS;SEASHELLS;10002.0;1
814200;;;PEARLS;SEASHELLS;9995.0;2
814800;;;PEARLS;SEASHELLS;10002.0;1
814800;;;PEARLS;SEASHELLS;10002.0;4
815100;;;PEARLS;SEASHELLS;10005.0;2
815400;;;PEARLS;SEASHELLS;10002.0;1
815400;;;PEARLS;SEASHELLS;10004.0;4
815400;;;PEARLS;SEASHELLS;10004.0;2
815500;;;PEARLS;SEASHELLS;10002.0;4
816100;;;PEARLS;SEASHELLS;10002.0;1
816800;;;PEARLS;SEASHELLS;9998.0;2
819600;;;PEARLS;SEASHELLS;9998.0;1
819900;;;PEARLS;SEASHELLS;10002.0;1
820500;;;PEARLS;SEASHELLS;10004.0;2
820800;;;PEARLS;SEASHELLS;10004.0;1
820800;;;PEARLS;SEASHELLS;10004.0;1
821400;;;PEARLS;SEASHELLS;9998.0;1
821800;;;PEARLS;SEASHELLS;9998.0;1
822300;;;PEARLS;SEASHELLS;9998.0;1
822500;;;PEARLS;SEASHELLS;10002.0;2
823200;;;PEARLS;SEASHELLS;10005.0;2
824200;;;PEARLS;SEASHELLS;9995.0;11
824300;;;PEARLS;SEASHELLS;9995.0;2
824300;;;PEARLS;SEASHELLS;9998.0;1
824800;;;PEARLS;SEASHELLS;10004.0;2
828900;;;PEARLS;SEASHELLS;10004.0;1
829000;;;PEARLS;SEASHELLS;10004.0;2
829300;;;PEARLS;SEASHELLS;9996.0;1
830700;;;PEARLS;SEASHELLS;9998.0;1
830800;;;PEARLS;SEASHELLS;10002.0;3
831200;;;PEARLS;SEASHELLS;10002.0;1
832200;;;PEARLS;SEASHELLS;10002.0;1
832200;;;PEARLS;SEASHELLS;10002.0;5
832700;;;PEARLS;SEASHELLS;9996.0;1
833300;;;PEARLS;SEASHELLS;10002.0;1
833400;;;PEARLS;SEASHELLS;9998.0;1
833700;;;PEARLS;SEASHELLS;9996.0;2
834600;;;PEARLS;SEASHELLS;9995.0;10
834700;;;PEARLS;SEASHELLS;9998.0;1
835200;;;PEARLS;SEASHELLS;9998.0;1
835200;;;PEARLS;SEASHELLS;9998.0;2
835800;;;PEARLS;SEASHELLS;9998.0;1
836500;;;PEARLS;SEASHELLS;9998.0;1
837200;;;PEARLS;SEASHELLS;10002.0;1
838000;;;PEARLS;SEASHELLS;10002.0;1
838800;;;PEARLS;SEASHELLS;9998.0;1
839500;;;PEARLS;SEASHELLS;10004.0;1
840100;;;PEARLS;SEASHELLS;10002.0;1
840300;;;PEARLS;SEASHELLS;10002.0;1
841000;;;PEARLS;SEASHELLS;9998.0;1
841700;;;PEARLS;SEASHELLS;10002.0;1
841800;;;PEARLS;SEASHELLS;9995.0;2
841900;;;PEARLS;SEASHELLS;10005.0;1
842000;;;PEARLS;SEASHELLS;9998.0;1
842300;;;PEARLS;SEASHELLS;9995.0;2
842400;;;PEARLS;SEASHELLS;10004.0;1
842600;;;PEARLS;SEASHELLS;10002.0;2
842800;;;PEARLS;SEASHELLS;10004.0;2
843100;;;PEARLS;SEASHELLS;9998.0;3
843200;;;PEARLS;SEASHELLS;9995.0;2
843700;;;PEARLS;SEASHELLS;9995.0;2
844800;;;PEARLS;SEASHELLS;10002.0;5
844900;;;PEARLS;SEASHELLS;9998.0;1
845100;;;PEARLS;SEASHELLS;10005.0;7
845300;;;PEARLS;SEASHELLS;10002.0;1
845400;;;PEARLS;SEASHELLS;10005.0;2
846600;;;PEARLS;SEASHELLS;10002.0;3
846600;;;PEARLS;SEASHELLS;10002.0;1
846700;;;PEARLS;SEASHELLS;10004.0;6
846700;;;PEARLS;SEASHELLS;10004.0;2
846800;;;PEARLS;SEASHELLS;10002.0;5
847200;;;PEARLS;SEASHELLS;10000.0;2
847300;;;PEARLS;SEASHELLS;10004.0;2
847300;;;PEARLS;SEASHELLS;10004.0;2
847600;;;PEARLS;SEASHELLS;9998.0;7
847600;;;PEARLS;SEASHELLS;9996.0;1
847900;;;PEARLS;SEASHELLS;9998.0;1
848400;;;PEARLS;SEASHELLS;9998.0;1
848800;;;PEARLS;SEASHELLS;10002.0;1
848900;;;PEARLS;SEASHELLS;9998.0;6
849300;;;PEARLS;SEASHELLS;10002.0;1
849800;;;PEARLS;SEASHELLS;10002.0;4
850000;;;PEARLS;SEASHELLS;10005.0;1
850600;;;PEARLS;SEASHELLS;9998.0;1
851600;;;PEARLS;SEASHELLS;10004.0;2
851800;;;PEARLS;SEASHELLS;10005.0;2
851900;;;PEARLS;SEASHELLS;10005.0;2
852100;;;PEARLS;SEASHELLS;9996.0;2
852300;;;PEARLS;SEASHELLS;9996.0;2
852300;;;PEARLS;SEASHELLS;9996.0;6
852400;;;PEARLS;SEASHELLS;9998.0;2
852900;;;PEARLS;SEASHELLS;10002.0;1
854200;;;PEARLS;SEASHELLS;9998.0;1
854200;;;PEARLS;SEASHELLS;9995.0;10
854200;;;PEARLS;SEASHELLS;9998.0;4
854300;;;PEARLS;SEASHELLS;10005.0;1
855200;;;PEARLS;SEASHELLS;10002.0;2
856700;;;PEARLS;SEASHELLS;10002.0;1
856700;;;PEARLS;SEASHELLS;10002.0;1
856800;;;PEARLS;SEASHELLS;10005.0;11
857200;;;PEARLS;SEASHELLS;9996.0;1
857200;;;PEARLS;SEASHELLS;9996.0;1
857800;;;PEARLS;SEASHELLS;9996.0;11
857800;;;PEARLS;SEASHELLS;9996.0;1
858300;;;PEARLS;SEASHELLS;9998.0;3
858300;;;PEARLS;SEASHELLS;9998.0;1
858400;;;PEARLS;SEASHELLS;10002.0;1
858800;;;PEARLS;SEASHELLS;9995.0;1
859500;;;PEARLS;SEASHELLS;10002.0;6
859600;;;PEARLS;SEASHELLS;10004.0;2
860200;;;PEARLS;SEASHELLS;9998.0;3
860400;;;PEARLS;SEASHELLS;9998.0;1
860500;;;PEARLS;SEASHELLS;9998.0;1
860600;;;PEARLS;SEASHELLS;9996.0;1
860800;;;PEARLS;SEASHELLS;9998.0;6
860900;;;PEARLS;SEASHELLS;10002.0;1
861500;;;PEARLS;SEASHELLS;10004.0;1
861600;;;PEARLS;SEASHELLS;10002.0;1
861600;;;PEARLS;SEASHELLS;10002.0;3
861900;;;PEARLS;SEASHELLS;10005.0;12
861900;;;PEARLS;SEASHELLS;10002.0;1
862000;;;PEARLS;SEASHELLS;10004.0;2
863000;;;PEARLS;SEASHELLS;10002.0;1
863100;;;PEARLS;SEASHELLS;10002.0;1
863300;;;PEARLS;SEASHELLS;9998.0;1
863800;;;PEARLS;SEASHELLS;10004.0;1
865900;;;PEARLS;SEASHELLS;9998.0;1
866700;;;PEARLS;SEASHELLS;9998.0;1
866900;;;PEARLS;SEASHELLS;9998.0;1
867200;;;PEARLS;SEASHELLS;10002.0;1
867500;;;PEARLS;SEASHELLS;10002.0;1
867600;;;PEARLS;SEASHELLS;9998.0;7
867700;;;PEARLS;SEASHELLS;10002.0;1
868100;;;PEARLS;SEASHELLS;10002.0;1
869100;;;PEARLS;SEASHELLS;10002.0;1
869700;;;PEARLS;SEASHELLS;9998.0;1
870500;;;PEARLS;SEASHELLS;10002.0;1
870700;;;PEARLS;SEASHELLS;10002.0;5
870700;;;PEARLS;SEASHELLS;10002.0;3
870900;;;PEARLS;SEASHELLS;9996.0;1
871100;;;PEARLS;SEASHELLS;10002.0;3
871300;;;PEARLS;SEASHELLS;9995.0;4
871500;;;PEARLS;SEASHELLS;10005.0;6
871700;;;PEARLS;SEASHELLS;9998.0;1
871800;;;PEARLS;SEASHELLS;10002.0;1
872000;;;PEARLS;SEASHELLS;9995.0;2
872100;;;PEARLS;SEASHELLS;9996.0;1
872100;;;PEARLS;SEASHELLS;9996.0;1
872300;;;PEARLS;SEASHELLS;10002.0;1
873200;;;PEARLS;SEASHELLS;10002.0;1
873500;;;PEARLS;SEASHELLS;10002.0;1
873700;;;PEARLS;SEASHELLS;9998.0;1
874000;;;PEARLS;SEASHELLS;9998.0;3
875300;;;PEARLS;SEASHELLS;10002.0;1
875700;;;PEARLS;SEASHELLS;9998.0;1
875900;;;PEARLS;SEASHELLS;10002.0;5
876400;;;PEARLS;SEASHELLS;10002.0;1
877900;;;PEARLS;SEASHELLS;10002.0;1
878000;;;PEARLS;SEASHELLS;10002.0;3
879300;;;PEARLS;SEASHELLS;10002.0;1
880600;;;PEARLS;SEASHELLS;9996.0;1
880600;;;PEARLS;SEASHELLS;9998.0;1
880600;;;PEARLS;SEASHELLS;9996.0;1
880900;;;PEARLS;SEASHELLS;10002.0;6
882300;;;PEARLS;SEASHELLS;10002.0;1
883000;;;PEARLS;SEASHELLS;9998.0;1
883300;;;PEARLS;SEASHELLS;10002.0;1
883900;;;PEARLS;SEASHELLS;9996.0;1
884800;;;PEARLS;SEASHELLS;10002.0;1
885000;;;PEARLS;SEASHELLS;9998.0;3
885000;;;PEARLS;SEASHELLS;9998.0;5
885300;;;PEARLS;SEASHELLS;9998.0;1
886300;;;PEARLS;SEASHELLS;10004.0;1
886500;;;PEARLS;SEASHELLS;10002.0;3
886900;;;PEARLS;SEASHELLS;9996.0;1
888400;;;PEARLS;SEASHELLS;10004.0;2
888800;;;PEARLS;SEASHELLS;10005.0;1
889000;;;PEARLS;SEASHELLS;10002.0;1
889900;;;PEARLS;SEASHELLS;9996.0;1
890200;;;PEARLS;SEASHELLS;10002.0;6
890800;;;PEARLS;SEASHELLS;9998.0;1
891300;;;PEARLS;SEASHELLS;9998.0;2
891400;;;PEARLS;SEASHELLS;9998.0;3
891400;;;PEARLS;SEASHELLS;9998.0;1
891500;;;PEARLS;SEASHELLS;10000.0;2
891500;;;PEARLS;SEASHELLS;9998.0;1
891600;;;PEARLS;SEASHELLS;10002.0;1
892600;;;PEARLS;SEASHELLS;10004.0;2
893000;;;PEARLS;SEASHELLS;9995.0;7
893400;;;PEARLS;SEASHELLS;9998.0;1
895100;;;PEARLS;SEASHELLS;9998.0;1
895100;;;PEARLS;SEASHELLS;9998.0;9
895600;;;PEARLS;SEASHELLS;9998.0;4
895800;;;PEARLS;SEASHELLS;10002.0;1
897200;;;PEARLS;SEASHELLS;10002.0;1
898500;;;PEARLS;SEASHELLS;9996.0;11
898500;;;PEARLS;SEASHELLS;9996.0;1
899000;;;PEARLS;SEASHELLS;10002.0;1
899200;;;PEARLS;SEASHELLS;10002.0;5
900100;;;PEARLS;SEASHELLS;9996.0;1
901600;;;PEARLS;SEASHELLS;9998.0;1
901700;;;PEARLS;SEASHELLS;9996.0;1
901700;;;PEARLS;SEASHELLS;9996.0;5
901900;;;PEARLS;SEASHELLS;10002.0;1
902400;;;PEARLS;SEASHELLS;10004.0;1
902400;;;PEARLS;SEASHELLS;10002.0;1
902500;;;PEARLS;SEASHELLS;10002.0;1
903100;;;PEARLS;SEASHELLS;10002.0;4
903300;;;PEARLS;SEASHELLS;9995.0;1
903400;;;PEARLS;SEASHELLS;9998.0;1
903600;;;PEARLS;SEASHELLS;9998.0;1
904400;;;PEARLS;SEASHELLS;9998.0;1
904500;;;PEARLS;SEASHELLS;10004.0;2
904700;;;PEARLS;SEASHELLS;9998.0;1
904900;;;PEARLS;SEASHELLS;9995.0;4
905100;;;PEARLS;SEASHELLS;9995.0;1
905700;;;PEARLS;SEASHELLS;10004.0;6
905700;;;PEARLS;SEASHELLS;10004.0;1
905800;;;PEARLS;SEASHELLS;10004.0;2
906500;;;PEARLS;SEASHELLS;9998.0;1
907100;;;PEARLS;SEASHELLS;9998.0;2
907300;;;PEARLS;SEASHELLS;10004.0;1
907400;;;PEARLS;SEASHELLS;10004.0;1
908600;;;PEARLS;SEASHELLS;10002.0;2
909200;;;PEARLS;SEASHELLS;9995.0;3
909800;;;PEARLS;SEASHELLS;10002.0;1
910000;;;PEARLS;SEASHELLS;10002.0;1
911000;;;PEARLS;SEASHELLS;10004.0;2
911000;;;PEARLS;SEASHELLS;10004.0;6
911900;;;PEARLS;SEASHELLS;10004.0;1
912200;;;PEARLS;SEASHELLS;10004.0;1
912200;;;PEARLS;SEASHELLS;10004.0;7
913600;;;PEARLS;SEASHELLS;10002.0;2
914000;;;PEARLS;SEASHELLS;10005.0;12
914800;;;PEARLS;SEASHELLS;10002.0;4
915400;;;PEARLS;SEASHELLS;9996.0;1
915400;;;PEARLS;SEASHELLS;9996.0;1
916500;;;PEARLS;SEASHELLS;10000.0;1
917400;;;PEARLS;SEASHELLS;10002.0;1
917500;;;PEARLS;SEASHELLS;9998.0;1
917700;;;PEARLS;SEASHELLS;9998.0;6
918100;;;PEARLS;SEASHELLS;10002.0;2
918500;;;PEARLS;SEASHELLS;9998.0;2
918800;;;PEARLS;SEASHELLS;9996.0;2
918900;;;PEARLS;SEASHELLS;9998.0;1
919200;;;PEARLS;SEASHELLS;10004.0;1
919300;;;PEARLS;SEASHELLS;9998.0;1
919800;;;PEARLS;SEASHELLS;9998.0;1
920000;;;PEARLS;SEASHELLS;9995.0;1
920100;;;PEARLS;SEASHELLS;10002.0;4
920500;;;PEARLS;SEASHELLS;9998.0;1
920500;;;PEARLS;SEASHELLS;10005.0;6
920800;;;PEARLS;SEASHELLS;10005.0;1
922000;;;PEARLS;SEASHELLS;9998.0;1
922400;;;PEARLS;SEASHELLS;10004.0;1
922800;;;PEARLS;SEASHELLS;9996.0;1
922900;;;PEARLS;SEASHELLS;10004.0;1
923300;;;PEARLS;SEASHELLS;9996.0;1
923600;;;PEARLS;SEASHELLS;9996.0;2
923800;;;PEARLS;SEASHELLS;9996.0;1
924600;;;PEARLS;SEASHELLS;9998.0;1
924600;;;PEARLS;SEASHELLS;9998.0;1
924900;;;PEARLS;SEASHELLS;9996.0;1
925000;;;PEARLS;SEASHELLS;9996.0;2
925200;;;PEARLS;SEASHELLS;10004.0;2
926000;;;PEARLS;SEASHELLS;10002.0;9
926100;;;PEARLS;SEASHELLS;9998.0;1
926900;;;PEARLS;SEASHELLS;10002.0;3
927100;;;PEARLS;SEASHELLS;9996.0;2
927500;;;PEARLS;SEASHELLS;10002.0;1
927500;;;PEARLS;SEASHELLS;10002.0;3
928100;;;PEARLS;SEASHELLS;9996.0;2
928100;;;PEARLS;SEASHELLS;9996.0;4
928700;;;PEARLS;SEASHELLS;9995.0;6
928900;;;PEARLS;SEASHELLS;9998.0;2
929000;;;PEARLS;SEASHELLS;9998.0;9
929000;;;PEARLS;SEASHELLS;9998.0;1
929000;;;PEARLS;SEASHELLS;9998.0;2
929300;;;PEARLS;SEASHELLS;10005.0;12
929300;;;PEARLS;SEASHELLS;10005.0;4
929600;;;PEARLS;SEASHELLS;10002.0;2
930600;;;PEARLS;SEASHELLS;9998.0;7
931100;;;PEARLS;SEASHELLS;10004.0;1
931600;;;PEARLS;SEASHELLS;9998.0;1
932500;;;PEARLS;SEASHELLS;10002.0;1
932900;;;PEARLS;SEASHELLS;10002.0;1
933000;;;PEARLS;SEASHELLS;9996.0;2
933900;;;PEARLS;SEASHELLS;10002.0;1
933900;;;PEARLS;SEASHELLS;10004.0;1
933900;;;PEARLS;SEASHELLS;10004.0;7
934000;;;PEARLS;SEASHELLS;10002.0;6
934000;;;PEARLS;SEASHELLS;10005.0;1
934600;;;PEARLS;SEASHELLS;9998.0;1
935500;;;PEARLS;SEASHELLS;9998.0;1
936400;;;PEARLS;SEASHELLS;9998.0;6
936600;;;PEARLS;SEASHELLS;10002.0;6
936900;;;PEARLS;SEASHELLS;10002.0;1
938300;;;PEARLS;SEASHELLS;9998.0;1
938700;;;PEARLS;SEASHELLS;10002.0;8
938800;;;PEARLS;SEASHELLS;9998.0;1
939100;;;PEARLS;SEASHELLS;9996.0;1
939200;;;PEARLS;SEASHELLS;10004.0;2
939500;;;PEARLS;SEASHELLS;10002.0;1
940400;;;PEARLS;SEASHELLS;10004.0;1
940700;;;PEARLS;SEASHELLS;10005.0;11
940800;;;PEARLS;SEASHELLS;9998.0;1
941000;;;PEARLS;SEASHELLS;10004.0;1
941700;;;PEARLS;SEASHELLS;10005.0;1
941900;;;PEARLS;SEASHELLS;10004.0;1
942500;;;PEARLS;SEASHELLS;9998.0;1
942600;;;PEARLS;SEASHELLS;9998.0;1
942700;;;PEARLS;SEASHELLS;9998.0;2
944200;;;PEARLS;SEASHELLS;10002.0;1
944400;;;PEARLS;SEASHELLS;10002.0;1
944400;;;PEARLS;SEASHELLS;10002.0;5
944400;;;PEARLS;SEASHELLS;10005.0;1
944600;;;PEARLS;SEASHELLS;9998.0;4
944800;;;PEARLS;SEASHELLS;10005.0;1
945100;;;PEARLS;SEASHELLS;9998.0;1
945400;;;PEARLS;SEASHELLS;10005.0;1
945500;;;PEARLS;SEASHELLS;9998.0;4
946400;;;PEARLS;SEASHELLS;10005.0;11
948300;;;PEARLS;SEASHELLS;10002.0;3
948500;;;PEARLS;SEASHELLS;9998.0;1
948600;;;PEARLS;SEASHELLS;9995.0;1
948700;;;PEARLS;SEASHELLS;9998.0;1
948900;;;PEARLS;SEASHELLS;10002.0;1
949200;;;PEARLS;SEASHELLS;10004.0;1
949400;;;PEARLS;SEASHELLS;10002.0;2
949600;;;PEARLS;SEASHELLS;10002.0;1
950300;;;PEARLS;SEASHELLS;10002.0;4
950800;;;PEARLS;SEASHELLS;10002.0;1
951800;;;PEARLS;SEASHELLS;9995.0;1
952600;;;PEARLS;SEASHELLS;10002.0;1
952700;;;PEARLS;SEASHELLS;9998.0;4
952800;;;PEARLS;SEASHELLS;10002.0;1
953000;;;PEARLS;SEASHELLS;9998.0;2
953200;;;PEARLS;SEASHELLS;10005.0;2
953500;;;PEARLS;SEASHELLS;9998.0;3
953600;;;PEARLS;SEASHELLS;9998.0;1
954600;;;PEARLS;SEASHELLS;9998.0;1
954800;;;PEARLS;SEASHELLS;10002.0;1
955700;;;PEARLS;SEASHELLS;9995.0;2
956200;;;PEARLS;SEASHELLS;9996.0;3
956200;;;PEARLS;SEASHELLS;9996.0;2
956300;;;PEARLS;SEASHELLS;9998.0;5
956700;;;PEARLS;SEASHELLS;9998.0;3
959600;;;PEARLS;SEASHELLS;10002.0;1
960000;;;PEARLS;SEASHELLS;9996.0;1
960000;;;PEARLS;SEASHELLS;9996.0;2
960700;;;PEARLS;SEASHELLS;10005.0;1
961400;;;PEARLS;SEASHELLS;9996.0;1
961400;;;PEARLS;SEASHELLS;9996.0;1
961600;;;PEARLS;SEASHELLS;10002.0;2
961900;;;PEARLS;SEASHELLS;10002.0;1
962000;;;PEARLS;SEASHELLS;9998.0;3
962800;;;PEARLS;SEASHELLS;9998.0;1
963500;;;PEARLS;SEASHELLS;10004.0;1
964000;;;PEARLS;SEASHELLS;10004.0;6
964000;;;PEARLS;SEASHELLS;10004.0;2
964200;;;PEARLS;SEASHELLS;9998.0;1
964300;;;PEARLS;SEASHELLS;10005.0;2
965300;;;PEARLS;SEASHELLS;10002.0;2
965800;;;PEARLS;SEASHELLS;9998.0;1
966000;;;PEARLS;SEASHELLS;10002.0;3
966000;;;PEARLS;SEASHELLS;10002.0;4
966500;;;PEARLS;SEASHELLS;9998.0;9
966800;;;PEARLS;SEASHELLS;9996.0;2
967300;;;PEARLS;SEASHELLS;10002.0;1
968100;;;PEARLS;SEASHELLS;10002.0;9
968500;;;PEARLS;SEASHELLS;9998.0;1
968900;;;PEARLS;SEASHELLS;10002.0;1
969100;;;PEARLS;SEASHELLS;9998.0;1
969100;;;PEARLS;SEASHELLS;9998.0;2
969400;;;PEARLS;SEASHELLS;9998.0;1
970400;;;PEARLS;SEASHELLS;9998.0;1
970900;;;PEARLS;SEASHELLS;10004.0;2
970900;;;PEARLS;SEASHELLS;10004.0;5
971000;;;PEARLS;SEASHELLS;10002.0;3
971100;;;PEARLS;SEASHELLS;10002.0;8
971100;;;PEARLS;SEASHELLS;10002.0;3
971200;;;PEARLS;SEASHELLS;9998.0;1
973000;;;PEARLS;SEASHELLS;10002.0;1
973100;;;PEARLS;SEASHELLS;9998.0;5
973600;;;PEARLS;SEASHELLS;10002.0;1
973800;;;PEARLS;SEASHELLS;10002.0;4
973900;;;PEARLS;SEASHELLS;10002.0;1
974200;;;PEARLS;SEASHELLS;9995.0;1
974600;;;PEARLS;SEASHELLS;10005.0;5
974700;;;PEARLS;SEASHELLS;9998.0;1
974800;;;PEARLS;SEASHELLS;9996.0;1
975100;;;PEARLS;SEASHELLS;9995.0;5
975500;;;PEARLS;SEASHELLS;10005.0;7
976500;;;PEARLS;SEASHELLS;10005.0;2
976600;;;PEARLS;SEASHELLS;10002.0;1
977100;;;PEARLS;SEASHELLS;10002.0;2
978200;;;PEARLS;SEASHELLS;9995.0;6
979000;;;PEARLS;SEASHELLS;10002.0;1
980400;;;PEARLS;SEASHELLS;10002.0;4
980800;;;PEARLS;SEASHELLS;9998.0;5
981700;;;PEARLS;SEASHELLS;9995.0;1
981800;;;PEARLS;SEASHELLS;10004.0;10
981800;;;PEARLS;SEASHELLS;10004.0;1
982100;;;PEARLS;SEASHELLS;9998.0;1
983400;;;PEARLS;SEASHELLS;9998.0;1
983500;;;PEARLS;SEASHELLS;9998.0;1
983700;;;PEARLS;SEASHELLS;10004.0;2
983900;;;PEARLS;SEASHELLS;10002.0;1
984100;;;PEARLS;SEASHELLS;10004.0;2
984900;;;PEARLS;SEASHELLS;9998.0;3
985300;;;PEARLS;SEASHELLS;9998.0;4
985400;;;PEARLS;SEASHELLS;10002.0;1
985700;;;PEARLS;SEASHELLS;9998.0;2
986100;;;PEARLS;SEASHELLS;10002.0;1
986200;;;PEARLS;SEASHELLS;10004.0;2
986200;;;PEARLS;SEASHELLS;10004.0;4
986800;;;PEARLS;SEASHELLS;9998.0;1
987000;;;PEARLS;SEASHELLS;10002.0;1
987100;;;PEARLS;SEASHELLS;9998.0;1
987600;;;PEARLS;SEASHELLS;10002.0;1
988700;;;PEARLS;SEASHELLS;10002.0;3
988900;;;PEARLS;SEASHELLS;9996.0;1
988900;;;PEARLS;SEASHELLS;9996.0;2
989400;;;PEARLS;SEASHELLS;9996.0;1
989400;;;PEARLS;SEASHELLS;9998.0;1
989400;;;PEARLS;SEASHELLS;9996.0;1
989800;;;PEARLS;SEASHELLS;10004.0;1
990800;;;PEARLS;SEASHELLS;9998.0;1
994300;;;PEARLS;SEASHELLS;10002.0;4
995200;;;PEARLS;SEASHELLS;10004.0;4
995200;;;PEARLS;SEASHELLS;10004.0;1
996200;;;PEARLS;SEASHELLS;10002.0;4
996700;;;PEARLS;SEASHELLS;10004.0;1
996800;;;PEARLS;SEASHELLS;9996.0;2
997000;;;PEARLS;SEASHELLS;10004.0;1
997700;;;PEARLS;SEASHELLS;9996.0;1
999800;;;PEARLS;SEASHELLS;9998.0;1
1000000;;;PEARLS;SEASHELLS;10004.0;1
1001100;;;PEARLS;SEASHELLS;9996.0;2
1001700;;;PEARLS;SEASHELLS;10002.0;1
1001800;;;PEARLS;SEASHELLS;10002.0;1
1002000;;;PEARLS;SEASHELLS;9998.0;1
1002900;;;PEARLS;SEASHELLS;9996.0;1
1002900;;;PEARLS;SEASHELLS;9996.0;11
1003000;;;PEARLS;SEASHELLS;10005.0;1
1003100;;;PEARLS;SEASHELLS;9996.0;2
1003200;;;PEARLS;SEASHELLS;9996.0;1
1003200;;;PEARLS;SEASHELLS;9996.0;1
1003700;;;PEARLS;SEASHELLS;10002.0;1
1003800;;;PEARLS;SEASHELLS;9996.0;1
1004200;;;PEARLS;SEASHELLS;9996.0;2
1004300;;;PEARLS;SEASHELLS;9995.0;2
1004800;;;PEARLS;SEASHELLS;10004.0;2
1006500;;;PEARLS;SEASHELLS;9998.0;1
1006600;;;PEARLS;SEASHELLS;10004.0;2
1006700;;;PEARLS;SEASHELLS;10002.0;3
1006900;;;PEARLS;SEASHELLS;10002.0;1
1007000;;;PEARLS;SEASHELLS;10005.0;2
1007300;;;PEARLS;SEASHELLS;10004.0;2
1008100;;;PEARLS;SEASHELLS;9996.0;1
1008100;;;PEARLS;SEASHELLS;9996.0;1
1008800;;;PEARLS;SEASHELLS;9998.0;1
1010300;;;PEARLS;SEASHELLS;9998.0;1
1010400;;;PEARLS;SEASHELLS;10002.0;1
1010800;;;PEARLS;SEASHELLS;10004.0;10
1010800;;;PEARLS;SEASHELLS;10004.0;2
1011100;;;PEARLS;SEASHELLS;9998.0;4
1011100;;;PEARLS;SEASHELLS;9998.0;3
1011400;;;PEARLS;SEASHELLS;9996.0;1
1011500;;;PEARLS;SEASHELLS;10002.0;2
1012000;;;PEARLS;SEASHELLS;10002.0;1
1013000;;;PEARLS;SEASHELLS;10002.0;1
1013200;;;PEARLS;SEASHELLS;9998.0;2
1013300;;;PEARLS;SEASHELLS;10005.0;2
1015300;;;PEARLS;SEASHELLS;10002.0;1
1015400;;;PEARLS;SEASHELLS;9998.0;1
1015600;;;PEARLS;SEASHELLS;10004.0;2
1015700;;;PEARLS;SEASHELLS;10002.0;1
1016200;;;PEARLS;SEASHELLS;9998.0;1
1016300;;;PEARLS;SEASHELLS;10004.0;1
1016400;;;PEARLS;SEASHELLS;10002.0;1
1016700;;;PEARLS;SEASHELLS;10002.0;1
1016800;;;PEARLS;SEASHELLS;9995.0;5
1019300;;;PEARLS;SEASHELLS;9996.0;1
1019700;;;PEARLS;SEASHELLS;10002.0;1
1020100;;;PEARLS;SEASHELLS;10002.0;1
1020100;;;PEARLS;SEASHELLS;10002.0;4
1020200;;;PEARLS;SEASHELLS;9998.0;1
1020500;;;PEARLS;SEASHELLS;9998.0;1
1020700;;;PEARLS;SEASHELLS;10002.0;1
1021200;;;PEARLS;SEASHELLS;9998.0;1
1021300;;;PEARLS;SEASHELLS;9996.0;1
1021300;;;PEARLS;SEASHELLS;9996.0;7
1022200;;;PEARLS;SEASHELLS;9998.0;6
1022400;;;PEARLS;SEASHELLS;9998.0;1
1022800;;;PEARLS;SEASHELLS;9998.0;2
1023200;;;PEARLS;SEASHELLS;9998.0;2
1023300;;;PEARLS;SEASHELLS;9998.0;1
1023700;;;PEARLS;SEASHELLS;10002.0;1
1024100;;;PEARLS;SEASHELLS;9996.0;1
1024100;;;PEARLS;SEASHELLS;9996.0;7
1024500;;;PEARLS;SEASHELLS;10002.0;1
1024600;;;PEARLS;SEASHELLS;9998.0;2
1025100;;;PEARLS;SEASHELLS;10002.0;1
1025200;;;PEARLS;SEASHELLS;10002.0;1
1025200;;;PEARLS;SEASHELLS;9998.0;3
1025200;;;PEARLS;SEASHELLS;9998.0;5
1025700;;;PEARLS;SEASHELLS;10004.0;2
1026300;;;PEARLS;SEASHELLS;9998.0;1
1026600;;;PEARLS;SEASHELLS;9998.0;1
1027600;;;PEARLS;SEASHELLS;9998.0;4
1028200;;;PEARLS;SEASHELLS;9998.0;2
1029000;;;PEARLS;SEASHELLS;10005.0;8
1029400;;;PEARLS;SEASHELLS;10002.0;1
1030000;;;PEARLS;SEASHELLS;9998.0;1
1030000;;;PEARLS;SEASHELLS;9998.0;3
1030600;;;PEARLS;SEASHELLS;10002.0;1
1031900;;;PEARLS;SEASHELLS;10005.0;2
1032600;;;PEARLS;SEASHELLS;10005.0;2
1032600;;;PEARLS;SEASHELLS;10002.0;1
1032800;;;PEARLS;SEASHELLS;9996.0;2
1033000;;;PEARLS;SEASHELLS;10002.0;6
1033500;;;PEARLS;SEASHELLS;10004.0;1
1033600;;;PEARLS;SEASHELLS;10002.0;6
1034100;;;PEARLS;SEASHELLS;9996.0;1
1034100;;;PEARLS;SEASHELLS;9996.0;2
1034300;;;PEARLS;SEASHELLS;10002.0;1
1035000;;;PEARLS;SEASHELLS;10002.0;1
1035100;;;PEARLS;SEASHELLS;10002.0;3
1035400;;;PEARLS;SEASHELLS;10002.0;3
1036100;;;PEARLS;SEASHELLS;10002.0;1
1036200;;;PEARLS;SEASHELLS;9998.0;1
1037500;;;PEARLS;SEASHELLS;9996.0;1
1038500;;;PEARLS;SEASHELLS;10002.0;1
1038600;;;PEARLS;SEASHELLS;9996.0;1
1038800;;;PEARLS;SEASHELLS;9996.0;1
1039200;;;PEARLS;SEASHELLS;9998.0;1
1039400;;;PEARLS;SEASHELLS;10004.0;1
1039500;;;PEARLS;SEASHELLS;9998.0;1
1040900;;;PEARLS;SEASHELLS;10004.0;2
1040900;;;PEARLS;SEASHELLS;10004.0;1
1040900;;;PEARLS;SEASHELLS;10004.0;8
1042500;;;PEARLS;SEASHELLS;10002.0;3
1042500;;;PEARLS;SEASHELLS;10002.0;1
1042600;;;PEARLS;SEASHELLS;9995.0;2
1042900;;;PEARLS;SEASHELLS;10005.0;2
1043900;;;PEARLS;SEASHELLS;10002.0;4
1044800;;;PEARLS;SEASHELLS;9998.0;1
1045000;;;PEARLS;SEASHELLS;10002.0;1
1045900;;;PEARLS;SEASHELLS;10004.0;1
1045900;;;PEARLS;SEASHELLS;10004.0;1
1046600;;;PEARLS;SEASHELLS;9998.0;2
1047100;;;PEARLS;SEASHELLS;9998.0;1
1047500;;;PEARLS;SEASHELLS;10002.0;4
1048100;;;PEARLS;SEASHELLS;9995.0;2
1048600;;;PEARLS;SEASHELLS;9996.0;1
1049900;;;PEARLS;SEASHELLS;10005.0;2
1049900;;;PEARLS;SEASHELLS;9998.0;6
1050400;;;PEARLS;SEASHELLS;9998.0;1
1050600;;;PEARLS;SEASHELLS;10002.0;1
1051600;;;PEARLS;SEASHELLS;10002.0;1
1051600;;;PEARLS;SEASHELLS;10002.0;1
1051700;;;PEARLS;SEASHELLS;9995.0;11
1051900;;;PEARLS;SEASHELLS;9996.0;1
1052100;;;PEARLS;SEASHELLS;9995.0;8
1052300;;;PEARLS;SEASHELLS;10002.0;1
1052900;;;PEARLS;SEASHELLS;10005.0;6
1053900;;;PEARLS;SEASHELLS;10004.0;2
1054100;;;PEARLS;SEASHELLS;9998.0;1
1054300;;;PEARLS;SEASHELLS;10004.0;1
1054300;;;PEARLS;SEASHELLS;10004.0;2
1054600;;;PEARLS;SEASHELLS;10002.0;3
1055100;;;PEARLS;SEASHELLS;10005.0;2
1055700;;;PEARLS;SEASHELLS;9996.0;1
1057200;;;PEARLS;SEASHELLS;10002.0;2
1057800;;;PEARLS;SEASHELLS;9998.0;1
1057900;;;PEARLS;SEASHELLS;9998.0;1
1058000;;;PEARLS;SEASHELLS;9998.0;4
1058100;;;PEARLS;SEASHELLS;10005.0;3
1058600;;;PEARLS;SEASHELLS;10002.0;1
1058800;;;PEARLS;SEASHELLS;9995.0;12
1059100;;;PEARLS;SEASHELLS;10005.0;1
1060000;;;PEARLS;SEASHELLS;9998.0;2
1060000;;;PEARLS;SEASHELLS;10005.0;1
1060200;;;PEARLS;SEASHELLS;9995.0;8
1061900;;;PEARLS;SEASHELLS;9998.0;1
1062200;;;PEARLS;SEASHELLS;10002.0;4
1062300;;;PEARLS;SEASHELLS;10005.0;2
1062900;;;PEARLS;SEASHELLS;9998.0;4
1063900;;;PEARLS;SEASHELLS;9995.0;12
1064000;;;PEARLS;SEASHELLS;9998.0;1
1064200;;;PEARLS;SEASHELLS;9996.0;2
1064200;;;PEARLS;SEASHELLS;9996.0;1
1064400;;;PEARLS;SEASHELLS;9998.0;4
1064500;;;PEARLS;SEASHELLS;9998.0;1
1065000;;;PEARLS;SEASHELLS;9998.0;1
1065100;;;PEARLS;SEASHELLS;9996.0;2
1065100;;;PEARLS;SEASHELLS;9996.0;1
1065300;;;PEARLS;SEASHELLS;10002.0;2
1066000;;;PEARLS;SEASHELLS;9998.0;1
1067300;;;PEARLS;SEASHELLS;9998.0;5
1068100;;;PEARLS;SEASHELLS;9998.0;2
1069300;;;PEARLS;SEASHELLS;9998.0;1
1069700;;;PEARLS;SEASHELLS;10002.0;1
1070300;;;PEARLS;SEASHELLS;9998.0;2
1070600;;;PEARLS;SEASHELLS;9996.0;1
1071200;;;PEARLS;SEASHELLS;10002.0;1
1071500;;;PEARLS;SEASHELLS;10002.0;3
1071900;;;PEARLS;SEASHELLS;10002.0;1
1072400;;;PEARLS;SEASHELLS;10002.0;1
1072500;;;PEARLS;SEASHELLS;10004.0;1
1072900;;;PEARLS;SEASHELLS;10004.0;1
1073000;;;PEARLS;SEASHELLS;10002.0;1
1073100;;;PEARLS;SEASHELLS;10002.0;1
1074000;;;PEARLS;SEASHELLS;10002.0;1
1074900;;;PEARLS;SEASHELLS;10002.0;1
1075000;;;PEARLS;SEASHELLS;9995.0;9
1075000;;;PEARLS;SEASHELLS;9998.0;1
1075500;;;PEARLS;SEASHELLS;9996.0;2
1075600;;;PEARLS;SEASHELLS;10002.0;1
1076100;;;PEARLS;SEASHELLS;9998.0;1
1077000;;;PEARLS;SEASHELLS;10002.0;2
1077900;;;PEARLS;SEASHELLS;10002.0;3
1078100;;;PEARLS;SEASHELLS;10002.0;1
1078500;;;PEARLS;SEASHELLS;10004.0;10
1078500;;;PEARLS;SEASHELLS;10004.0;1
1078800;;;PEARLS;SEASHELLS;10002.0;1
1078900;;;PEARLS;SEASHELLS;10002.0;1
1079200;;;PEARLS;SEASHELLS;9998.0;3
1079900;;;PEARLS;SEASHELLS;9998.0;3
1081400;;;PEARLS;SEASHELLS;10004.0;1
1081800;;;PEARLS;SEASHELLS;10002.0;1
1081900;;;PEARLS;SEASHELLS;9998.0;1
1082800;;;PEARLS;SEASHELLS;10002.0;1
1083100;;;PEARLS;SEASHELLS;9998.0;1
1084100;;;PEARLS;SEASHELLS;9996.0;1
1084100;;;PEARLS;SEASHELLS;9996.0;8
1084200;;;PEARLS;SEASHELLS;9996.0;2
1084200;;;PEARLS;SEASHELLS;9996.0;1
1084300;;;PEARLS;SEASHELLS;10004.0;2
1085900;;;PEARLS;SEASHELLS;9998.0;1
1086100;;;PEARLS;SEASHELLS;10002.0;1
1086700;;;PEARLS;SEASHELLS;9998.0;1
1087200;;;PEARLS;SEASHELLS;9996.0;1
1087900;;;PEARLS;SEASHELLS;10005.0;1
1088000;;;PEARLS;SEASHELLS;9996.0;2
1089100;;;PEARLS;SEASHELLS;9998.0;1
1089200;;;PEARLS;SEASHELLS;10002.0;1
1089600;;;PEARLS;SEASHELLS;9996.0;1
1089900;;;PEARLS;SEASHELLS;9995.0;2
1090000;;;PEARLS;SEASHELLS;9998.0;1
1090000;;;PEARLS;SEASHELLS;9998.0;1
1090100;;;PEARLS;SEASHELLS;10002.0;3
1090300;;;PEARLS;SEASHELLS;9998.0;1
1091100;;;PEARLS;SEASHELLS;9996.0;1
1091200;;;PEARLS;SEASHELLS;9995.0;1
1091700;;;PEARLS;SEASHELLS;9998.0;1
1092100;;;PEARLS;SEASHELLS;9998.0;1
1092200;;;PEARLS;SEASHELLS;9996.0;1
1092200;;;PEARLS;SEASHELLS;9996.0;1
1092700;;;PEARLS;SEASHELLS;10002.0;2
1092700;;;PEARLS;SEASHELLS;10002.0;1
1092900;;;PEARLS;SEASHELLS;9998.0;1
1093400;;;PEARLS;SEASHELLS;9998.0;3
1093600;;;PEARLS;SEASHELLS;10004.0;1
1093800;;;PEARLS;SEASHELLS;9998.0;1
1094200;;;PEARLS;SEASHELLS;10002.0;1
1094300;;;PEARLS;SEASHELLS;10002.0;1
1094400;;;PEARLS;SEASHELLS;10005.0;1
1094600;;;PEARLS;SEASHELLS;9998.0;1
1095000;;;PEARLS;SEASHELLS;10004.0;1
1095000;;;PEARLS;SEASHELLS;10005.0;1
1095700;;;PEARLS;SEASHELLS;10002.0;1
1095800;;;PEARLS;SEASHELLS;10005.0;7
1096000;;;PEARLS;SEASHELLS;9996.0;1
1096200;;;PEARLS;SEASHELLS;9998.0;5
1096800;;;PEARLS;SEASHELLS;10002.0;3
1097100;;;PEARLS;SEASHELLS;9995.0;1
1097600;;;PEARLS;SEASHELLS;10002.0;7
1098800;;;PEARLS;SEASHELLS;10002.0;1
1099400;;;PEARLS;SEASHELLS;10005.0;2
1100000;;;PEARLS;SEASHELLS;10004.0;1
1100200;;;PEARLS;SEASHELLS;9998.0;1
1100500;;;PEARLS;SEASHELLS;9995.0;8
1100700;;;PEARLS;SEASHELLS;10002.0;1
1101200;;;PEARLS;SEASHELLS;10005.0;2
1101500;;;PEARLS;SEASHELLS;9998.0;3
1101500;;;PEARLS;SEASHELLS;10004.0;2
1102200;;;PEARLS;SEASHELLS;10005.0;2
1102300;;;PEARLS;SEASHELLS;9998.0;4
1102600;;;PEARLS;SEASHELLS;9998.0;1
1102600;;;PEARLS;SEASHELLS;9998.0;2
1102700;;;PEARLS;SEASHELLS;10005.0;6
1103400;;;PEARLS;SEASHELLS;10002.0;1
1104700;;;PEARLS;SEASHELLS;10002.0;1
1104900;;;PEARLS;SEASHELLS;10004.0;1
1105400;;;PEARLS;SEASHELLS;10002.0;1
1106100;;;PEARLS;SEASHELLS;9996.0;5
1106100;;;PEARLS;SEASHELLS;9996.0;2
1106300;;;PEARLS;SEASHELLS;9998.0;1
1106500;;;PEARLS;SEASHELLS;10005.0;10
1106600;;;PEARLS;SEASHELLS;9998.0;2
1107400;;;PEARLS;SEASHELLS;9995.0;1
1108100;;;PEARLS;SEASHELLS;9998.0;1
1108600;;;PEARLS;SEASHELLS;9998.0;1
1108600;;;PEARLS;SEASHELLS;9998.0;3
1110000;;;PEARLS;SEASHELLS;9996.0;1
1110400;;;PEARLS;SEASHELLS;10005.0;10
1111000;;;PEARLS;SEASHELLS;9998.0;1
1111100;;;PEARLS;SEASHELLS;9998.0;4
1112100;;;PEARLS;SEASHELLS;9998.0;5
1113000;;;PEARLS;SEASHELLS;10002.0;6
1113800;;;PEARLS;SEASHELLS;10002.0;1
1114400;;;PEARLS;SEASHELLS;10002.0;2
1115300;;;PEARLS;SEASHELLS;9998.0;1
1116200;;;PEARLS;SEASHELLS;9995.0;1
1116800;;;PEARLS;SEASHELLS;10002.0;3
1116900;;;PEARLS;SEASHELLS;9996.0;1
1116900;;;PEARLS;SEASHELLS;9996.0;7
1118100;;;PEARLS;SEASHELLS;10002.0;1
1119300;;;PEARLS;SEASHELLS;9998.0;1
1119800;;;PEARLS;SEASHELLS;10000.0;1
1120000;;;PEARLS;SEASHELLS;10002.0;1
1120300;;;PEARLS;SEASHELLS;9996.0;2
1120500;;;PEARLS;SEASHELLS;10002.0;1
1121500;;;PEARLS;SEASHELLS;10002.0;1
1121800;;;PEARLS;SEASHELLS;10002.0;1
1123000;;;PEARLS;SEASHELLS;9998.0;1
1123700;;;PEARLS;SEASHELLS;10002.0;6
1123800;;;PEARLS;SEASHELLS;9998.0;1
1124000;;;PEARLS;SEASHELLS;10005.0;2
1125200;;;PEARLS;SEASHELLS;10002.0;4
1125400;;;PEARLS;SEASHELLS;9998.0;1
1125400;;;PEARLS;SEASHELLS;9998.0;1
1126300;;;PEARLS;SEASHELLS;9995.0;2
1126400;;;PEARLS;SEASHELLS;9995.0;2
1126700;;;PEARLS;SEASHELLS;10002.0;2
1127000;;;PEARLS;SEASHELLS;9995.0;2
1127400;;;PEARLS;SEASHELLS;10005.0;2
1127900;;;PEARLS;SEASHELLS;10004.0;7
1127900;;;PEARLS;SEASHELLS;10004.0;2
1128200;;;PEARLS;SEASHELLS;10002.0;1
1128400;;;PEARLS;SEASHELLS;9996.0;1
1128700;;;PEARLS;SEASHELLS;10005.0;6
1128900;;;PEARLS;SEASHELLS;10002.0;2
1130300;;;PEARLS;SEASHELLS;10002.0;1
1132100;;;PEARLS;SEASHELLS;9998.0;3
1132100;;;PEARLS;SEASHELLS;9998.0;1
1132300;;;PEARLS;SEASHELLS;10002.0;4
1132400;;;PEARLS;SEASHELLS;10004.0;1
1132500;;;PEARLS;SEASHELLS;9998.0;1
1133100;;;PEARLS;SEASHELLS;10002.0;5
1133100;;;PEARLS;SEASHELLS;10004.0;1
1133100;;;PEARLS;SEASHELLS;10004.0;4
1133200;;;PEARLS;SEASHELLS;9996.0;1
1133400;;;PEARLS;SEASHELLS;9998.0;2
1134100;;;PEARLS;SEASHELLS;9998.0;2
1134200;;;PEARLS;SEASHELLS;10002.0;1
1134300;;;PEARLS;SEASHELLS;10002.0;1
1134600;;;PEARLS;SEASHELLS;10004.0;1
1134600;;;PEARLS;SEASHELLS;10004.0;1
1134700;;;PEARLS;SEASHELLS;10004.0;1
1134700;;;PEARLS;SEASHELLS;10002.0;4
1134700;;;PEARLS;SEASHELLS;10004.0;1
1134900;;;PEARLS;SEASHELLS;9998.0;1
1134900;;;PEARLS;SEASHELLS;9998.0;1
1135600;;;PEARLS;SEASHELLS;10002.0;1
1135900;;;PEARLS;SEASHELLS;10005.0;2
1136000;;;PEARLS;SEASHELLS;9998.0;1
1136300;;;PEARLS;SEASHELLS;10002.0;1
1136500;;;PEARLS;SEASHELLS;10004.0;2
1137000;;;PEARLS;SEASHELLS;9996.0;1
1137100;;;PEARLS;SEASHELLS;10002.0;3
1137400;;;PEARLS;SEASHELLS;10002.0;3
1137700;;;PEARLS;SEASHELLS;9998.0;2
1137900;;;PEARLS;SEASHELLS;10004.0;1
1138100;;;PEARLS;SEASHELLS;9996.0;7
1138100;;;PEARLS;SEASHELLS;9996.0;2
1138300;;;PEARLS;SEASHELLS;9995.0;7
1139400;;;PEARLS;SEASHELLS;10004.0;1
1139400;;;PEARLS;SEASHELLS;10002.0;5
1139400;;;PEARLS;SEASHELLS;10004.0;1
1139600;;;PEARLS;SEASHELLS;9998.0;1
1141600;;;PEARLS;SEASHELLS;10002.0;1
1142800;;;PEARLS;SEASHELLS;9998.0;2
1143100;;;PEARLS;SEASHELLS;10002.0;1
1143600;;;PEARLS;SEASHELLS;9995.0;1
1144600;;;PEARLS;SEASHELLS;10002.0;2
1145000;;;PEARLS;SEASHELLS;9998.0;1
1145300;;;PEARLS;SEASHELLS;9998.0;3
1145400;;;PEARLS;SEASHELLS;9998.0;1
1145500;;;PEARLS;SEASHELLS;10002.0;1
1145700;;;PEARLS;SEASHELLS;10004.0;2
1145700;;;PEARLS;SEASHELLS;10004.0;8
1146300;;;PEARLS;SEASHELLS;9998.0;1
1146500;;;PEARLS;SEASHELLS;10005.0;1
1146600;;;PEARLS;SEASHELLS;10000.0;4
1147700;;;PEARLS;SEASHELLS;10002.0;1
1148700;;;PEARLS;SEASHELLS;10005.0;2
1149800;;;PEARLS;SEASHELLS;10002.0;2
1149800;;;PEARLS;SEASHELLS;10002.0;3
1150000;;;PEARLS;SEASHELLS;9996.0;1
1150200;;;PEARLS;SEASHELLS;9998.0;1
