timestamp;buyer;seller;symbol;currency;price;quantity;dir
0;;;BANANAS;SEASHELLS;5003.0;1;B
1100;;;BANANAS;SEASHELLS;4998.0;1;S
1300;;;BANANAS;SEASHELLS;5000.0;4;S
1300;;;BANANAS;SEASHELLS;5000.0;3;S
1400;;;BANANAS;SEASHELLS;4997.0;10;S
1500;;;BANANAS;SEASHELLS;5004.0;1;B
1800;;;BANANAS;SEASHELLS;5003.0;1;S
2000;;;BANANAS;SEASHELLS;5002.0;1;S
3200;;;BANANAS;SEASHELLS;4996.0;1;S
3300;;;BANANAS;SEASHELLS;4996.0;2;S
3900;;;BANANAS;SEASHELLS;5002.0;1;S
4200;;;BANANAS;SEASHELLS;4996.0;1;S
6400;;;BANANAS;SEASHELLS;4995.0;1;S
6600;;;BANANAS;SEASHELLS;4995.0;1;S
6700;;;BANANAS;SEASHELLS;4996.0;2;S
6900;;;BANANAS;SEASHELLS;4999.0;1;S
6900;;;BANANAS;SEASHELLS;4999.0;1;S
7300;;;BANANAS;SEASHELLS;4995.0;1;M
7400;;;BANANAS;SEASHELLS;5000.0;1;B
7400;;;BANANAS;SEASHELLS;4996.0;1;M
8200;;;BANANAS;SEASHELLS;5000.0;1;B
8600;;;BANANAS;SEASHELLS;4999.0;1;B
8700;;;BANANAS;SEASHELLS;4999.0;2;B
8800;;;BANANAS;SEASHELLS;4999.0;1;S
10200;;;BANANAS;SEASHELLS;4994.0;1;S
10500;;;BANANAS;SEASHELLS;4999.0;5;S
11100;;;BANANAS;SEASHELLS;5001.0;2;B
11300;;;BANANAS;SEASHELLS;4994.0;1;S
11400;;;BANANAS;SEASHELLS;4995.0;1;B
12800;;;BANANAS;SEASHELLS;4994.0;13;S
12900;;;BANANAS;SEASHELLS;4999.0;1;B
13500;;;BANANAS;SEASHELLS;4993.0;1;S
13900;;;BANANAS;SEASHELLS;4992.0;2;S
14300;;;BANANAS;SEASHELLS;4992.0;1;S
15000;;;BANANAS;SEASHELLS;4992.0;1;S
15800;;;BANANAS;SEASHELLS;4996.0;8;S
15800;;;BANANAS;SEASHELLS;4996.0;2;S
16500;;;BANANAS;SEASHELLS;4995.0;9;B
16500;;;BANANAS;SEASHELLS;4995.0;5;B
16700;;;BANANAS;SEASHELLS;4994.0;4;B
16800;;;BANANAS;SEASHELLS;4999.0;2;B
17800;;;BANANAS;SEASHELLS;4995.0;5;S
18100;;;BANANAS;SEASHELLS;4992.0;1;M
18200;;;BANANAS;SEASHELLS;4994.0;5;B
18300;;;BANANAS;SEASHELLS;4998.0;2;B
18600;;;BANANAS;SEASHELLS;4993.0;1;B
19200;;;BANANAS;SEASHELLS;4992.0;1;S
19400;;;BANANAS;SEASHELLS;4991.0;1;S
19600;;;BANANAS;SEASHELLS;4995.0;1;S
20300;;;BANANAS;SEASHELLS;4998.0;1;B
20300;;;BANANAS;SEASHELLS;4997.0;1;S
20300;;;BANANAS;SEASHELLS;4998.0;5;B
20300;;;BANANAS;SEASHELLS;4996.0;5;S
20400;;;BANANAS;SEASHELLS;4992.0;2;S
20900;;;BANANAS;SEASHELLS;4998.0;1;B
21300;;;BANANAS;SEASHELLS;4996.0;1;B
22300;;;BANANAS;SEASHELLS;4990.0;1;S
23100;;;BANANAS;SEASHELLS;4990.0;1;M
24500;;;BANANAS;SEASHELLS;4993.0;1;S
24600;;;BANANAS;SEASHELLS;4994.0;16;B
25100;;;BANANAS;SEASHELLS;4992.0;1;S
25600;;;BANANAS;SEASHELLS;4993.0;2;B
26300;;;BANANAS;SEASHELLS;4986.0;1;S
26400;;;BANANAS;SEASHELLS;4985.0;1;S
26600;;;BANANAS;SEASHELLS;4991.0;15;B
26700;;;BANANAS;SEASHELLS;4990.0;1;S
27200;;;BANANAS;SEASHELLS;4985.0;1;B
28000;;;BANANAS;SEASHELLS;4991.0;1;B
28300;;;BANANAS;SEASHELLS;4985.0;12;B
28300;;;BANANAS;SEASHELLS;4985.0;1;B
28300;;;BANANAS;SEASHELLS;4985.0;2;B
28500;;;BANANAS;SEASHELLS;4985.0;3;B
28600;;;BANANAS;SEASHELLS;4989.0;1;B
28600;;;BANANAS;SEASHELLS;4989.0;2;B
29400;;;BANANAS;SEASHELLS;4990.0;2;B
29900;;;BANANAS;SEASHELLS;4989.0;5;S
29900;;;BANANAS;SEASHELLS;4990.0;1;S
30300;;;BANANAS;SEASHELLS;4989.0;1;B
30400;;;BANANAS;SEASHELLS;4984.0;1;B
30900;;;BANANAS;SEASHELLS;4984.0;1;S
31000;;;BANANAS;SEASHELLS;4984.0;1;S
31200;;;BANANAS;SEASHELLS;4985.0;1;S
31300;;;BANANAS;SEASHELLS;4990.0;1;B
32700;;;BANANAS;SEASHELLS;4987.0;1;S
32800;;;BANANAS;SEASHELLS;4982.0;2;S
33100;;;BANANAS;SEASHELLS;4987.0;8;B
33100;;;BANANAS;SEASHELLS;4987.0;5;B
33200;;;BANANAS;SEASHELLS;4983.0;1;S
33300;;;BANANAS;SEASHELLS;4988.0;1;S
33800;;;BANANAS;SEASHELLS;4983.0;2;S
33900;;;BANANAS;SEASHELLS;4987.0;1;S
34000;;;BANANAS;SEASHELLS;4988.0;1;S
34900;;;BANANAS;SEASHELLS;4981.0;1;S
35300;;;BANANAS;SEASHELLS;4981.0;1;S
35700;;;BANANAS;SEASHELLS;4982.0;14;S
35700;;;BANANAS;SEASHELLS;4982.0;1;S
36300;;;BANANAS;SEASHELLS;4989.0;1;B
36800;;;BANANAS;SEASHELLS;4982.0;1;S
37300;;;BANANAS;SEASHELLS;4983.0;1;S
37400;;;BANANAS;SEASHELLS;4984.0;2;B
38300;;;BANANAS;SEASHELLS;4990.0;13;B
38500;;;BANANAS;SEASHELLS;4989.0;1;S
38900;;;BANANAS;SEASHELLS;4984.0;1;S
38900;;;BANANAS;SEASHELLS;4984.0;2;S
39300;;;BANANAS;SEASHELLS;4984.0;1;S
39400;;;BANANAS;SEASHELLS;4984.0;1;S
39500;;;BANANAS;SEASHELLS;4989.0;1;S
40500;;;BANANAS;SEASHELLS;4983.0;1;B
40600;;;BANANAS;SEASHELLS;4983.0;1;S
41100;;;BANANAS;SEASHELLS;4983.0;1;B
41600;;;BANANAS;SEASHELLS;4982.0;1;S
42300;;;BANANAS;SEASHELLS;4987.0;7;B
42900;;;BANANAS;SEASHELLS;4988.0;1;B
43100;;;BANANAS;SEASHELLS;4990.0;2;B
43500;;;BANANAS;SEASHELLS;4984.0;1;S
43900;;;BANANAS;SEASHELLS;4984.0;1;S
43900;;;BANANAS;SEASHELLS;4990.0;2;B
44700;;;BANANAS;SEASHELLS;4989.0;1;S
45100;;;BANANAS;SEASHELLS;4986.0;1;S
45600;;;BANANAS;SEASHELLS;4990.0;8;B
45800;;;BANANAS;SEASHELLS;4987.0;1;B
45900;;;BANANAS;SEASHELLS;4991.0;8;S
45900;;;BANANAS;SEASHELLS;4991.0;4;S
46300;;;BANANAS;SEASHELLS;4987.0;1;S
46800;;;BANANAS;SEASHELLS;4988.0;2;S
46800;;;BANANAS;SEASHELLS;4988.0;1;S
47200;;;BANANAS;SEASHELLS;4993.0;1;M
47300;;;BANANAS;SEASHELLS;4988.0;2;B
47400;;;BANANAS;SEASHELLS;4987.0;1;S
47700;;;BANANAS;SEASHELLS;4988.0;1;B
48200;;;BANANAS;SEASHELLS;4990.0;5;B
48300;;;BANANAS;SEASHELLS;4991.0;1;S
48600;;;BANANAS;SEASHELLS;4992.0;1;B
48600;;;BANANAS;SEASHELLS;4989.0;1;S
48900;;;BANANAS;SEASHELLS;4990.0;1;S
49300;;;BANANAS;SEASHELLS;4996.0;1;B
49400;;;BANANAS;SEASHELLS;4990.0;1;S
49700;;;BANANAS;SEASHELLS;4990.0;2;S
49900;;;BANANAS;SEASHELLS;4989.0;1;S
50200;;;BANANAS;SEASHELLS;4990.0;1;S
50300;;;BANANAS;SEASHELLS;4989.0;1;S
50400;;;BANANAS;SEASHELLS;4989.0;2;S
51000;;;BANANAS;SEASHELLS;4989.0;1;S
51300;;;BANANAS;SEASHELLS;4994.0;1;S
51500;;;BANANAS;SEASHELLS;4988.0;13;S
51600;;;BANANAS;SEASHELLS;4993.0;1;B
52200;;;BANANAS;SEASHELLS;4989.0;1;S
52300;;;BANANAS;SEASHELLS;4988.0;1;S
53400;;;BANANAS;SEASHELLS;4994.0;10;B
53500;;;BANANAS;SEASHELLS;4993.0;1;B
53600;;;BANANAS;SEASHELLS;4988.0;2;S
53600;;;BANANAS;SEASHELLS;4987.0;1;S
53600;;;BANANAS;SEASHELLS;4988.0;15;S
53700;;;BANANAS;SEASHELLS;4989.0;2;B
54600;;;BANANAS;SEASHELLS;4990.0;1;S
54600;;;BANANAS;SEASHELLS;4991.0;3;B
54700;;;BANANAS;SEASHELLS;4995.0;1;S
55200;;;BANANAS;SEASHELLS;4995.0;1;S
56100;;;BANANAS;SEASHELLS;4996.0;1;B
56500;;;BANANAS;SEASHELLS;4991.0;1;S
56500;;;BANANAS;SEASHELLS;4995.0;11;S
56700;;;BANANAS;SEASHELLS;4991.0;4;S
56700;;;BANANAS;SEASHELLS;4991.0;2;S
57000;;;BANANAS;SEASHELLS;4997.0;1;B
57400;;;BANANAS;SEASHELLS;4997.0;1;B
57700;;;BANANAS;SEASHELLS;4991.0;1;S
57800;;;BANANAS;SEASHELLS;4990.0;1;S
58000;;;BANANAS;SEASHELLS;4991.0;1;B
58600;;;BANANAS;SEASHELLS;4995.0;10;B
58800;;;BANANAS;SEASHELLS;4989.0;1;S
60000;;;BANANAS;SEASHELLS;4991.0;1;S
60200;;;BANANAS;SEASHELLS;4988.0;1;S
60200;;;BANANAS;SEASHELLS;4988.0;1;S
60300;;;BANANAS;SEASHELLS;4991.0;13;S
60600;;;BANANAS;SEASHELLS;4988.0;1;M
60800;;;BANANAS;SEASHELLS;4987.0;2;S
61100;;;BANANAS;SEASHELLS;4994.0;2;B
61300;;;BANANAS;SEASHELLS;4992.0;1;S
62300;;;BANANAS;SEASHELLS;4995.0;1;B
62400;;;BANANAS;SEASHELLS;4989.0;5;B
62500;;;BANANAS;SEASHELLS;4992.0;3;S
62500;;;BANANAS;SEASHELLS;4992.0;2;S
62600;;;BANANAS;SEASHELLS;4988.0;1;S
62900;;;BANANAS;SEASHELLS;4990.0;15;S
62900;;;BANANAS;SEASHELLS;4990.0;1;S
63200;;;BANANAS;SEASHELLS;4991.0;1;S
63300;;;BANANAS;SEASHELLS;4996.0;2;B
64200;;;BANANAS;SEASHELLS;4989.0;2;S
64500;;;BANANAS;SEASHELLS;4994.0;1;B
64500;;;BANANAS;SEASHELLS;4994.0;1;B
65400;;;BANANAS;SEASHELLS;4987.0;1;S
65600;;;BANANAS;SEASHELLS;4986.0;1;S
65800;;;BANANAS;SEASHELLS;4986.0;1;S
67000;;;BANANAS;SEASHELLS;4985.0;1;M
67200;;;BANANAS;SEASHELLS;4989.0;1;B
67400;;;BANANAS;SEASHELLS;4983.0;2;S
67500;;;BANANAS;SEASHELLS;4984.0;2;S
67500;;;BANANAS;SEASHELLS;4984.0;6;S
67900;;;BANANAS;SEASHELLS;4984.0;2;S
67900;;;BANANAS;SEASHELLS;4986.0;1;B
68000;;;BANANAS;SEASHELLS;4984.0;1;S
68200;;;BANANAS;SEASHELLS;4989.0;1;S
68300;;;BANANAS;SEASHELLS;4983.0;1;S
68500;;;BANANAS;SEASHELLS;4990.0;2;B
68500;;;BANANAS;SEASHELLS;4990.0;10;B
68800;;;BANANAS;SEASHELLS;4985.0;9;B
68900;;;BANANAS;SEASHELLS;4989.0;1;S
69300;;;BANANAS;SEASHELLS;4990.0;2;B
69400;;;BANANAS;SEASHELLS;4989.0;1;S
69600;;;BANANAS;SEASHELLS;4985.0;2;B
70400;;;BANANAS;SEASHELLS;4980.0;1;B
70500;;;BANANAS;SEASHELLS;4979.0;3;S
70700;;;BANANAS;SEASHELLS;4980.0;10;B
71400;;;BANANAS;SEASHELLS;4980.0;1;B
73400;;;BANANAS;SEASHELLS;4982.0;1;B
73700;;;BANANAS;SEASHELLS;4987.0;9;B
73900;;;BANANAS;SEASHELLS;4980.0;1;S
74200;;;BANANAS;SEASHELLS;4984.0;1;M
74300;;;BANANAS;SEASHELLS;4983.0;1;S
74400;;;BANANAS;SEASHELLS;4985.0;2;B
75200;;;BANANAS;SEASHELLS;4978.0;1;S
75300;;;BANANAS;SEASHELLS;4983.0;3;S
75500;;;BANANAS;SEASHELLS;4979.0;1;S
76200;;;BANANAS;SEASHELLS;4979.0;6;S
76200;;;BANANAS;SEASHELLS;4979.0;5;S
76400;;;BANANAS;SEASHELLS;4978.0;1;S
76400;;;BANANAS;SEASHELLS;4978.0;1;S
76400;;;BANANAS;SEASHELLS;4978.0;7;S
77800;;;BANANAS;SEASHELLS;4981.0;1;S
78100;;;BANANAS;SEASHELLS;4979.0;1;S
78300;;;BANANAS;SEASHELLS;4974.0;2;S
78400;;;BANANAS;SEASHELLS;4976.0;1;S
78400;;;BANANAS;SEASHELLS;4976.0;7;S
78800;;;BANANAS;SEASHELLS;4974.0;1;S
78800;;;BANANAS;SEASHELLS;4981.0;10;B
79000;;;BANANAS;SEASHELLS;4981.0;2;B
79500;;;BANANAS;SEASHELLS;4975.0;20;S
80100;;;BANANAS;SEASHELLS;4979.0;1;B
80500;;;BANANAS;SEASHELLS;4973.0;1;S
80900;;;BANANAS;SEASHELLS;4973.0;1;S
81300;;;BANANAS;SEASHELLS;4978.0;1;B
81800;;;BANANAS;SEASHELLS;4973.0;1;S
82000;;;BANANAS;SEASHELLS;4976.0;5;S
82100;;;BANANAS;SEASHELLS;4972.0;1;S
82600;;;BANANAS;SEASHELLS;4972.0;1;S
83200;;;BANANAS;SEASHELLS;4972.0;2;S
83300;;;BANANAS;SEASHELLS;4972.0;11;S
83600;;;BANANAS;SEASHELLS;4972.0;8;S
84200;;;BANANAS;SEASHELLS;4972.0;8;S
84200;;;BANANAS;SEASHELLS;4977.0;1;M
84200;;;BANANAS;SEASHELLS;4972.0;2;S
84500;;;BANANAS;SEASHELLS;4972.0;2;S
84600;;;BANANAS;SEASHELLS;4979.0;2;B
84700;;;BANANAS;SEASHELLS;4978.0;1;S
85200;;;BANANAS;SEASHELLS;4973.0;3;B
85700;;;BANANAS;SEASHELLS;4972.0;8;S
85700;;;BANANAS;SEASHELLS;4972.0;2;S
85800;;;BANANAS;SEASHELLS;4974.0;13;S
85800;;;BANANAS;SEASHELLS;4974.0;7;S
85900;;;BANANAS;SEASHELLS;4974.0;1;S
86000;;;BANANAS;SEASHELLS;4978.0;1;B
86000;;;BANANAS;SEASHELLS;4974.0;1;M
86200;;;BANANAS;SEASHELLS;4976.0;2;B
86300;;;BANANAS;SEASHELLS;4975.0;1;S
86700;;;BANANAS;SEASHELLS;4975.0;14;S
87200;;;BANANAS;SEASHELLS;4977.0;1;S
87400;;;BANANAS;SEASHELLS;4975.0;13;S
87500;;;BANANAS;SEASHELLS;4976.0;9;S
87900;;;BANANAS;SEASHELLS;4982.0;12;B
88200;;;BANANAS;SEASHELLS;4977.0;3;B
88900;;;BANANAS;SEASHELLS;4982.0;1;M
89100;;;BANANAS;SEASHELLS;4983.0;1;S
90000;;;BANANAS;SEASHELLS;4977.0;1;S
90100;;;BANANAS;SEASHELLS;4983.0;1;B
91000;;;BANANAS;SEASHELLS;4977.0;1;B
91500;;;BANANAS;SEASHELLS;4976.0;1;S
91900;;;BANANAS;SEASHELLS;4975.0;1;S
92300;;;BANANAS;SEASHELLS;4976.0;1;S
92300;;;BANANAS;SEASHELLS;4977.0;1;B
92500;;;BANANAS;SEASHELLS;4975.0;1;S
92500;;;BANANAS;SEASHELLS;4976.0;11;B
92600;;;BANANAS;SEASHELLS;4976.0;1;S
93300;;;BANANAS;SEASHELLS;4977.0;1;S
93400;;;BANANAS;SEASHELLS;4980.0;5;S
94100;;;BANANAS;SEASHELLS;4976.0;1;M
94300;;;BANANAS;SEASHELLS;4974.0;1;S
94400;;;BANANAS;SEASHELLS;4974.0;1;S
95100;;;BANANAS;SEASHELLS;4975.0;2;S
95300;;;BANANAS;SEASHELLS;4975.0;1;M
95300;;;BANANAS;SEASHELLS;4974.0;2;S
95600;;;BANANAS;SEASHELLS;4979.0;2;S
95600;;;BANANAS;SEASHELLS;4980.0;1;S
95800;;;BANANAS;SEASHELLS;4976.0;1;M
95900;;;BANANAS;SEASHELLS;4980.0;1;B
96100;;;BANANAS;SEASHELLS;4975.0;1;S
96200;;;BANANAS;SEASHELLS;4975.0;1;S
96200;;;BANANAS;SEASHELLS;4980.0;6;S
96800;;;BANANAS;SEASHELLS;4980.0;1;S
97300;;;BANANAS;SEASHELLS;4975.0;1;B
98100;;;BANANAS;SEASHELLS;4980.0;1;B
98100;;;BANANAS;SEASHELLS;4977.0;3;B
98200;;;BANANAS;SEASHELLS;4974.0;1;S
98300;;;BANANAS;SEASHELLS;4974.0;7;S
98400;;;BANANAS;SEASHELLS;4975.0;1;B
98400;;;BANANAS;SEASHELLS;4977.0;1;B
98800;;;BANANAS;SEASHELLS;4981.0;2;B
98800;;;BANANAS;SEASHELLS;4981.0;1;B
99000;;;BANANAS;SEASHELLS;4976.0;11;B
99500;;;BANANAS;SEASHELLS;4982.0;19;B
101800;;;BANANAS;SEASHELLS;4976.0;2;B
102200;;;BANANAS;SEASHELLS;4978.0;2;B
102400;;;BANANAS;SEASHELLS;4972.0;1;S
102500;;;BANANAS;SEASHELLS;4977.0;1;B
102900;;;BANANAS;SEASHELLS;4977.0;3;S
102900;;;BANANAS;SEASHELLS;4979.0;14;B
103100;;;BANANAS;SEASHELLS;4972.0;2;S
104400;;;BANANAS;SEASHELLS;4970.0;2;S
104700;;;BANANAS;SEASHELLS;4971.0;1;S
104800;;;BANANAS;SEASHELLS;4971.0;1;S
104900;;;BANANAS;SEASHELLS;4976.0;1;B
105200;;;BANANAS;SEASHELLS;4970.0;1;S
106500;;;BANANAS;SEASHELLS;4976.0;11;B
106700;;;BANANAS;SEASHELLS;4971.0;4;B
106800;;;BANANAS;SEASHELLS;4971.0;2;B
106800;;;BANANAS;SEASHELLS;4971.0;9;B
107000;;;BANANAS;SEASHELLS;4971.0;1;B
107500;;;BANANAS;SEASHELLS;4975.0;7;B
107500;;;BANANAS;SEASHELLS;4977.0;2;B
107700;;;BANANAS;SEASHELLS;4976.0;2;B
107800;;;BANANAS;SEASHELLS;4975.0;1;B
108000;;;BANANAS;SEASHELLS;4977.0;12;B
108400;;;BANANAS;SEASHELLS;4975.0;1;S
108500;;;BANANAS;SEASHELLS;4977.0;11;B
108800;;;BANANAS;SEASHELLS;4970.0;1;S
108900;;;BANANAS;SEASHELLS;4977.0;1;B
109400;;;BANANAS;SEASHELLS;4975.0;1;S
109900;;;BANANAS;SEASHELLS;4976.0;1;B
110000;;;BANANAS;SEASHELLS;4974.0;4;B
110400;;;BANANAS;SEASHELLS;4969.0;9;S
111300;;;BANANAS;SEASHELLS;4970.0;1;S
112300;;;BANANAS;SEASHELLS;4972.0;1;S
112400;;;BANANAS;SEASHELLS;4977.0;1;B
112500;;;BANANAS;SEASHELLS;4976.0;1;M
113100;;;BANANAS;SEASHELLS;4977.0;1;S
113200;;;BANANAS;SEASHELLS;4976.0;1;S
113300;;;BANANAS;SEASHELLS;4976.0;1;S
113400;;;BANANAS;SEASHELLS;4978.0;1;B
113700;;;BANANAS;SEASHELLS;4978.0;1;S
113800;;;BANANAS;SEASHELLS;4973.0;1;S
113900;;;BANANAS;SEASHELLS;4972.0;1;S
114300;;;BANANAS;SEASHELLS;4972.0;1;S
115000;;;BANANAS;SEASHELLS;4973.0;1;S
115200;;;BANANAS;SEASHELLS;4973.0;1;S
115300;;;BANANAS;SEASHELLS;4978.0;1;B
115400;;;BANANAS;SEASHELLS;4974.0;6;B
115800;;;BANANAS;SEASHELLS;4977.0;1;S
116700;;;BANANAS;SEASHELLS;4976.0;1;S
117700;;;BANANAS;SEASHELLS;4977.0;1;B
118000;;;BANANAS;SEASHELLS;4972.0;1;S
118200;;;BANANAS;SEASHELLS;4973.0;7;B
118600;;;BANANAS;SEASHELLS;4971.0;1;S
119300;;;BANANAS;SEASHELLS;4976.0;1;B
119400;;;BANANAS;SEASHELLS;4971.0;8;S
119500;;;BANANAS;SEASHELLS;4972.0;1;S
119700;;;BANANAS;SEASHELLS;4972.0;1;S
120700;;;BANANAS;SEASHELLS;4970.0;1;S
120800;;;BANANAS;SEASHELLS;4975.0;1;S
122700;;;BANANAS;SEASHELLS;4970.0;1;S
123000;;;BANANAS;SEASHELLS;4972.0;1;B
123100;;;BANANAS;SEASHELLS;4975.0;5;S
123100;;;BANANAS;SEASHELLS;4972.0;1;S
123200;;;BANANAS;SEASHELLS;4977.0;1;B
124000;;;BANANAS;SEASHELLS;4977.0;7;B
124000;;;BANANAS;SEASHELLS;4977.0;1;B
124000;;;BANANAS;SEASHELLS;4976.0;1;S
124200;;;BANANAS;SEASHELLS;4977.0;7;B
124900;;;BANANAS;SEASHELLS;4975.0;2;B
125100;;;BANANAS;SEASHELLS;4970.0;1;S
125200;;;BANANAS;SEASHELLS;4971.0;1;B
125300;;;BANANAS;SEASHELLS;4976.0;2;B
125400;;;BANANAS;SEASHELLS;4970.0;2;S
126700;;;BANANAS;SEASHELLS;4977.0;7;S
127300;;;BANANAS;SEASHELLS;4973.0;1;S
127600;;;BANANAS;SEASHELLS;4973.0;1;S
128000;;;BANANAS;SEASHELLS;4980.0;5;B
128000;;;BANANAS;SEASHELLS;4980.0;2;B
129200;;;BANANAS;SEASHELLS;4972.0;2;S
129500;;;BANANAS;SEASHELLS;4980.0;1;B
129700;;;BANANAS;SEASHELLS;4973.0;13;S
129700;;;BANANAS;SEASHELLS;4973.0;1;S
129800;;;BANANAS;SEASHELLS;4974.0;1;S
130200;;;BANANAS;SEASHELLS;4979.0;1;S
130300;;;BANANAS;SEASHELLS;4975.0;1;S
130400;;;BANANAS;SEASHELLS;4975.0;1;S
130500;;;BANANAS;SEASHELLS;4980.0;3;S
131100;;;BANANAS;SEASHELLS;4976.0;1;S
132000;;;BANANAS;SEASHELLS;4984.0;1;B
132300;;;BANANAS;SEASHELLS;4977.0;1;S
133400;;;BANANAS;SEASHELLS;4983.0;1;B
133700;;;BANANAS;SEASHELLS;4981.0;1;B
134200;;;BANANAS;SEASHELLS;4981.0;10;S
134700;;;BANANAS;SEASHELLS;4977.0;1;B
134700;;;BANANAS;SEASHELLS;4977.0;4;B
135300;;;BANANAS;SEASHELLS;4976.0;1;S
135400;;;BANANAS;SEASHELLS;4976.0;11;S
135600;;;BANANAS;SEASHELLS;4977.0;1;B
136500;;;BANANAS;SEASHELLS;4985.0;2;B
136500;;;BANANAS;SEASHELLS;4978.0;1;S
136900;;;BANANAS;SEASHELLS;4978.0;1;S
137500;;;BANANAS;SEASHELLS;4984.0;1;B
138100;;;BANANAS;SEASHELLS;4982.0;2;S
139900;;;BANANAS;SEASHELLS;4975.0;7;S
140000;;;BANANAS;SEASHELLS;4976.0;1;S
140100;;;BANANAS;SEASHELLS;4977.0;5;B
140700;;;BANANAS;SEASHELLS;4981.0;1;B
140800;;;BANANAS;SEASHELLS;4976.0;1;B
141100;;;BANANAS;SEASHELLS;4980.0;12;S
141400;;;BANANAS;SEASHELLS;4981.0;1;S
141600;;;BANANAS;SEASHELLS;4981.0;1;S
141900;;;BANANAS;SEASHELLS;4977.0;2;B
142400;;;BANANAS;SEASHELLS;4982.0;1;B
142800;;;BANANAS;SEASHELLS;4982.0;1;S
142900;;;BANANAS;SEASHELLS;4983.0;12;B
143100;;;BANANAS;SEASHELLS;4976.0;2;S
143200;;;BANANAS;SEASHELLS;4976.0;1;S
143300;;;BANANAS;SEASHELLS;4976.0;1;S
143800;;;BANANAS;SEASHELLS;4975.0;1;S
144200;;;BANANAS;SEASHELLS;4979.0;1;B
144800;;;BANANAS;SEASHELLS;4978.0;1;S
145800;;;BANANAS;SEASHELLS;4978.0;1;B
145900;;;BANANAS;SEASHELLS;4978.0;1;S
146300;;;BANANAS;SEASHELLS;4980.0;2;B
146900;;;BANANAS;SEASHELLS;4973.0;1;S
147300;;;BANANAS;SEASHELLS;4973.0;10;S
147400;;;BANANAS;SEASHELLS;4973.0;1;S
147800;;;BANANAS;SEASHELLS;4977.0;1;S
148000;;;BANANAS;SEASHELLS;4974.0;1;S
148200;;;BANANAS;SEASHELLS;4976.0;1;S
148500;;;BANANAS;SEASHELLS;4976.0;1;S
148700;;;BANANAS;SEASHELLS;4971.0;1;S
150000;;;BANANAS;SEASHELLS;4969.0;1;S
150100;;;BANANAS;SEASHELLS;4975.0;1;B
150300;;;BANANAS;SEASHELLS;4970.0;1;S
151200;;;BANANAS;SEASHELLS;4979.0;6;B
151400;;;BANANAS;SEASHELLS;4973.0;1;S
151500;;;BANANAS;SEASHELLS;4974.0;1;B
151900;;;BANANAS;SEASHELLS;4974.0;1;S
152000;;;BANANAS;SEASHELLS;4980.0;1;B
152100;;;BANANAS;SEASHELLS;4981.0;2;B
152300;;;BANANAS;SEASHELLS;4975.0;1;S
152500;;;BANANAS;SEASHELLS;4977.0;3;B
153000;;;BANANAS;SEASHELLS;4973.0;9;S
153500;;;BANANAS;SEASHELLS;4978.0;1;B
153600;;;BANANAS;SEASHELLS;4973.0;1;S
153900;;;BANANAS;SEASHELLS;4974.0;1;S
153900;;;BANANAS;SEASHELLS;4974.0;2;S
154700;;;BANANAS;SEASHELLS;4974.0;1;S
154800;;;BANANAS;SEASHELLS;4974.0;1;S
155600;;;BANANAS;SEASHELLS;4981.0;1;B
156300;;;BANANAS;SEASHELLS;4982.0;5;B
156600;;;BANANAS;SEASHELLS;4983.0;16;B
156700;;;BANANAS;SEASHELLS;4983.0;2;B
157400;;;BANANAS;SEASHELLS;4975.0;1;S
157700;;;BANANAS;SEASHELLS;4982.0;1;B
157900;;;BANANAS;SEASHELLS;4981.0;2;B
158000;;;BANANAS;SEASHELLS;4974.0;1;S
158300;;;BANANAS;SEASHELLS;4974.0;1;S
158500;;;BANANAS;SEASHELLS;4975.0;1;S
158900;;;BANANAS;SEASHELLS;4980.0;12;S
159200;;;BANANAS;SEASHELLS;4975.0;4;B
159200;;;BANANAS;SEASHELLS;4974.0;2;S
159500;;;BANANAS;SEASHELLS;4973.0;1;S
159900;;;BANANAS;SEASHELLS;4977.0;2;S
160200;;;BANANAS;SEASHELLS;4975.0;1;M
160300;;;BANANAS;SEASHELLS;4980.0;1;B
160400;;;BANANAS;SEASHELLS;4974.0;1;S
160700;;;BANANAS;SEASHELLS;4973.0;1;S
160800;;;BANANAS;SEASHELLS;4973.0;3;S
160900;;;BANANAS;SEASHELLS;4974.0;13;B
161800;;;BANANAS;SEASHELLS;4972.0;1;S
162000;;;BANANAS;SEASHELLS;4979.0;2;B
162100;;;BANANAS;SEASHELLS;4972.0;12;S
162300;;;BANANAS;SEASHELLS;4975.0;2;S
162400;;;BANANAS;SEASHELLS;4976.0;1;S
162700;;;BANANAS;SEASHELLS;4973.0;1;S
162800;;;BANANAS;SEASHELLS;4973.0;2;S
163100;;;BANANAS;SEASHELLS;4978.0;1;B
163300;;;BANANAS;SEASHELLS;4979.0;1;S
163800;;;BANANAS;SEASHELLS;4977.0;1;B
163900;;;BANANAS;SEASHELLS;4978.0;5;S
164700;;;BANANAS;SEASHELLS;4973.0;2;S
164700;;;BANANAS;SEASHELLS;4973.0;7;S
165700;;;BANANAS;SEASHELLS;4978.0;1;B
165900;;;BANANAS;SEASHELLS;4974.0;5;B
166300;;;BANANAS;SEASHELLS;4973.0;13;B
166700;;;BANANAS;SEASHELLS;4973.0;1;S
166700;;;BANANAS;SEASHELLS;4978.0;1;S
167100;;;BANANAS;SEASHELLS;4972.0;1;S
167100;;;BANANAS;SEASHELLS;4978.0;13;B
167300;;;BANANAS;SEASHELLS;4979.0;2;B
168200;;;BANANAS;SEASHELLS;4973.0;1;S
168700;;;BANANAS;SEASHELLS;4975.0;11;S
168700;;;BANANAS;SEASHELLS;4975.0;9;S
169200;;;BANANAS;SEASHELLS;4974.0;1;M
169600;;;BANANAS;SEASHELLS;4979.0;1;S
170000;;;BANANAS;SEASHELLS;4977.0;2;B
170000;;;BANANAS;SEASHELLS;4972.0;1;S
170200;;;BANANAS;SEASHELLS;4977.0;1;B
170600;;;BANANAS;SEASHELLS;4972.0;1;B
170800;;;BANANAS;SEASHELLS;4973.0;3;S
171100;;;BANANAS;SEASHELLS;4973.0;18;S
171300;;;BANANAS;SEASHELLS;4977.0;1;B
171700;;;BANANAS;SEASHELLS;4978.0;1;B
172800;;;BANANAS;SEASHELLS;4974.0;3;B
173600;;;BANANAS;SEASHELLS;4978.0;1;B
174100;;;BANANAS;SEASHELLS;4978.0;1;B
174900;;;BANANAS;SEASHELLS;4977.0;1;B
175200;;;BANANAS;SEASHELLS;4977.0;1;S
175500;;;BANANAS;SEASHELLS;4978.0;1;B
175600;;;BANANAS;SEASHELLS;4977.0;1;S
176000;;;BANANAS;SEASHELLS;4972.0;1;S
176100;;;BANANAS;SEASHELLS;4976.0;1;B
176500;;;BANANAS;SEASHELLS;4979.0;2;B
177300;;;BANANAS;SEASHELLS;4973.0;3;B
177500;;;BANANAS;SEASHELLS;4975.0;4;B
177600;;;BANANAS;SEASHELLS;4980.0;12;B
177900;;;BANANAS;SEASHELLS;4980.0;20;B
178200;;;BANANAS;SEASHELLS;4980.0;1;S
180000;;;BANANAS;SEASHELLS;4976.0;1;S
180300;;;BANANAS;SEASHELLS;4981.0;1;M
180500;;;BANANAS;SEASHELLS;4976.0;1;S
181400;;;BANANAS;SEASHELLS;4977.0;1;S
181800;;;BANANAS;SEASHELLS;4984.0;2;B
182700;;;BANANAS;SEASHELLS;4985.0;9;B
182800;;;BANANAS;SEASHELLS;4978.0;4;S
183100;;;BANANAS;SEASHELLS;4980.0;1;B
183400;;;BANANAS;SEASHELLS;4979.0;1;S
183500;;;BANANAS;SEASHELLS;4983.0;4;S
184200;;;BANANAS;SEASHELLS;4979.0;1;B
185000;;;BANANAS;SEASHELLS;4977.0;1;S
186000;;;BANANAS;SEASHELLS;4978.0;1;S
186100;;;BANANAS;SEASHELLS;4978.0;4;S
186500;;;BANANAS;SEASHELLS;4980.0;1;S
186800;;;BANANAS;SEASHELLS;4979.0;1;S
186900;;;BANANAS;SEASHELLS;4986.0;18;B
186900;;;BANANAS;SEASHELLS;4984.0;8;S
187300;;;BANANAS;SEASHELLS;4984.0;1;M
187400;;;BANANAS;SEASHELLS;4980.0;7;S
187400;;;BANANAS;SEASHELLS;4980.0;12;S
187600;;;BANANAS;SEASHELLS;4985.0;3;B
187700;;;BANANAS;SEASHELLS;4983.0;1;S
188400;;;BANANAS;SEASHELLS;4981.0;1;S
188500;;;BANANAS;SEASHELLS;4987.0;9;B
188700;;;BANANAS;SEASHELLS;4986.0;1;S
188900;;;BANANAS;SEASHELLS;4986.0;1;S
189300;;;BANANAS;SEASHELLS;4980.0;1;S
189400;;;BANANAS;SEASHELLS;4985.0;1;M
189600;;;BANANAS;SEASHELLS;4986.0;14;B
189700;;;BANANAS;SEASHELLS;4987.0;1;B
191500;;;BANANAS;SEASHELLS;4983.0;2;S
191600;;;BANANAS;SEASHELLS;4981.0;1;S
193100;;;BANANAS;SEASHELLS;4981.0;1;S
193600;;;BANANAS;SEASHELLS;4980.0;2;S
193900;;;BANANAS;SEASHELLS;4986.0;6;B
194600;;;BANANAS;SEASHELLS;4985.0;2;B
194800;;;BANANAS;SEASHELLS;4987.0;1;M
196000;;;BANANAS;SEASHELLS;4988.0;1;M
196100;;;BANANAS;SEASHELLS;4983.0;1;S
196400;;;BANANAS;SEASHELLS;4984.0;1;B
196600;;;BANANAS;SEASHELLS;4989.0;1;S
196700;;;BANANAS;SEASHELLS;4984.0;2;S
197100;;;BANANAS;SEASHELLS;4990.0;7;B
197300;;;BANANAS;SEASHELLS;4990.0;2;B
198000;;;BANANAS;SEASHELLS;4991.0;1;B
198100;;;BANANAS;SEASHELLS;4990.0;1;S
198400;;;BANANAS;SEASHELLS;4984.0;1;S
198900;;;BANANAS;SEASHELLS;4988.0;1;S
198900;;;BANANAS;SEASHELLS;4989.0;1;S
199000;;;BANANAS;SEASHELLS;4984.0;1;S
199400;;;BANANAS;SEASHELLS;4989.0;2;B
200200;;;BANANAS;SEASHELLS;4989.0;5;S
200300;;;BANANAS;SEASHELLS;4984.0;2;S
200500;;;BANANAS;SEASHELLS;4991.0;2;B
200600;;;BANANAS;SEASHELLS;4985.0;2;S
201000;;;BANANAS;SEASHELLS;4984.0;2;S
201700;;;BANANAS;SEASHELLS;4986.0;9;B
202100;;;BANANAS;SEASHELLS;4986.0;20;S
202100;;;BANANAS;SEASHELLS;4992.0;1;B
202400;;;BANANAS;SEASHELLS;4987.0;1;S
202900;;;BANANAS;SEASHELLS;4987.0;2;S
203300;;;BANANAS;SEASHELLS;4994.0;2;B
203500;;;BANANAS;SEASHELLS;4994.0;11;B
203900;;;BANANAS;SEASHELLS;4992.0;2;B
204700;;;BANANAS;SEASHELLS;4993.0;4;B
204900;;;BANANAS;SEASHELLS;4992.0;1;B
205200;;;BANANAS;SEASHELLS;4989.0;2;S
205300;;;BANANAS;SEASHELLS;4995.0;1;B
206200;;;BANANAS;SEASHELLS;4989.0;2;B
206400;;;BANANAS;SEASHELLS;4988.0;1;S
207100;;;BANANAS;SEASHELLS;4994.0;2;B
207200;;;BANANAS;SEASHELLS;4987.0;1;S
207300;;;BANANAS;SEASHELLS;4987.0;1;S
207300;;;BANANAS;SEASHELLS;4993.0;6;B
207700;;;BANANAS;SEASHELLS;4992.0;1;S
208000;;;BANANAS;SEASHELLS;4987.0;1;S
208200;;;BANANAS;SEASHELLS;4993.0;1;S
208400;;;BANANAS;SEASHELLS;4987.0;1;S
209000;;;BANANAS;SEASHELLS;4988.0;1;B
209300;;;BANANAS;SEASHELLS;4987.0;1;S
209600;;;BANANAS;SEASHELLS;4987.0;1;S
209900;;;BANANAS;SEASHELLS;4988.0;2;S
210700;;;BANANAS;SEASHELLS;4988.0;12;S
211000;;;BANANAS;SEASHELLS;4990.0;1;B
211300;;;BANANAS;SEASHELLS;4995.0;1;S
211400;;;BANANAS;SEASHELLS;4990.0;1;S
211900;;;BANANAS;SEASHELLS;4995.0;5;B
212500;;;BANANAS;SEASHELLS;4995.0;1;B
212700;;;BANANAS;SEASHELLS;4989.0;1;S
213200;;;BANANAS;SEASHELLS;4989.0;4;S
214700;;;BANANAS;SEASHELLS;4986.0;1;S
214800;;;BANANAS;SEASHELLS;4991.0;11;S
214900;;;BANANAS;SEASHELLS;4986.0;1;S
215100;;;BANANAS;SEASHELLS;4992.0;2;B
215200;;;BANANAS;SEASHELLS;4987.0;5;B
216300;;;BANANAS;SEASHELLS;4993.0;1;B
216500;;;BANANAS;SEASHELLS;4987.0;1;S
216700;;;BANANAS;SEASHELLS;4987.0;1;S
216700;;;BANANAS;SEASHELLS;4987.0;12;S
217100;;;BANANAS;SEASHELLS;4992.0;1;B
217700;;;BANANAS;SEASHELLS;4987.0;5;B
217900;;;BANANAS;SEASHELLS;4986.0;1;S
218300;;;BANANAS;SEASHELLS;4986.0;19;S
218400;;;BANANAS;SEASHELLS;4991.0;1;B
218400;;;BANANAS;SEASHELLS;4988.0;1;B
219600;;;BANANAS;SEASHELLS;4990.0;1;B
219900;;;BANANAS;SEASHELLS;4991.0;1;B
220100;;;BANANAS;SEASHELLS;4991.0;1;S
220300;;;BANANAS;SEASHELLS;4986.0;2;S
220800;;;BANANAS;SEASHELLS;4986.0;1;S
220900;;;BANANAS;SEASHELLS;4989.0;2;S
221500;;;BANANAS;SEASHELLS;4988.0;1;S
221700;;;BANANAS;SEASHELLS;4983.0;1;S
222500;;;BANANAS;SEASHELLS;4991.0;2;B
223200;;;BANANAS;SEASHELLS;4989.0;1;M
223400;;;BANANAS;SEASHELLS;4989.0;1;S
224300;;;BANANAS;SEASHELLS;4990.0;2;B
224500;;;BANANAS;SEASHELLS;4990.0;1;B
224600;;;BANANAS;SEASHELLS;4984.0;1;B
224900;;;BANANAS;SEASHELLS;4984.0;1;S
225800;;;BANANAS;SEASHELLS;4983.0;1;S
225900;;;BANANAS;SEASHELLS;4990.0;14;B
226000;;;BANANAS;SEASHELLS;4983.0;2;S
226100;;;BANANAS;SEASHELLS;4990.0;1;B
226300;;;BANANAS;SEASHELLS;4984.0;3;B
226700;;;BANANAS;SEASHELLS;4983.0;1;S
226800;;;BANANAS;SEASHELLS;4989.0;1;S
227600;;;BANANAS;SEASHELLS;4989.0;1;S
227700;;;BANANAS;SEASHELLS;4989.0;1;B
227800;;;BANANAS;SEASHELLS;4983.0;1;S
227900;;;BANANAS;SEASHELLS;4988.0;5;S
227900;;;BANANAS;SEASHELLS;4989.0;1;S
228000;;;BANANAS;SEASHELLS;4987.0;3;S
228800;;;BANANAS;SEASHELLS;4986.0;1;B
229800;;;BANANAS;SEASHELLS;4992.0;2;S
230400;;;BANANAS;SEASHELLS;4987.0;1;S
230600;;;BANANAS;SEASHELLS;4986.0;2;S
230600;;;BANANAS;SEASHELLS;4988.0;1;B
230600;;;BANANAS;SEASHELLS;4988.0;1;B
230700;;;BANANAS;SEASHELLS;4992.0;1;B
230700;;;BANANAS;SEASHELLS;4986.0;19;S
231100;;;BANANAS;SEASHELLS;4992.0;1;S
231800;;;BANANAS;SEASHELLS;4987.0;5;B
232100;;;BANANAS;SEASHELLS;4987.0;4;B
232200;;;BANANAS;SEASHELLS;4991.0;2;S
232500;;;BANANAS;SEASHELLS;4987.0;1;B
232700;;;BANANAS;SEASHELLS;4987.0;1;S
233100;;;BANANAS;SEASHELLS;4992.0;1;B
233500;;;BANANAS;SEASHELLS;4993.0;1;M
233700;;;BANANAS;SEASHELLS;4994.0;2;B
234500;;;BANANAS;SEASHELLS;4987.0;1;S
235400;;;BANANAS;SEASHELLS;4991.0;1;S
236400;;;BANANAS;SEASHELLS;4984.0;2;S
236500;;;BANANAS;SEASHELLS;4984.0;1;S
236700;;;BANANAS;SEASHELLS;4985.0;1;B
237000;;;BANANAS;SEASHELLS;4992.0;1;B
237300;;;BANANAS;SEASHELLS;4986.0;2;B
237500;;;BANANAS;SEASHELLS;4992.0;10;B
237700;;;BANANAS;SEASHELLS;4985.0;1;S
237900;;;BANANAS;SEASHELLS;4991.0;1;B
238000;;;BANANAS;SEASHELLS;4991.0;1;B
238000;;;BANANAS;SEASHELLS;4990.0;2;B
238700;;;BANANAS;SEASHELLS;4983.0;2;S
238900;;;BANANAS;SEASHELLS;4990.0;20;B
239100;;;BANANAS;SEASHELLS;4984.0;1;S
239200;;;BANANAS;SEASHELLS;4990.0;1;S
241000;;;BANANAS;SEASHELLS;4983.0;1;B
241200;;;BANANAS;SEASHELLS;4982.0;1;S
241500;;;BANANAS;SEASHELLS;4981.0;1;S
241700;;;BANANAS;SEASHELLS;4986.0;6;B
241700;;;BANANAS;SEASHELLS;4986.0;2;B
242200;;;BANANAS;SEASHELLS;4988.0;20;B
242500;;;BANANAS;SEASHELLS;4981.0;6;S
242600;;;BANANAS;SEASHELLS;4986.0;1;S
242900;;;BANANAS;SEASHELLS;4985.0;1;S
243100;;;BANANAS;SEASHELLS;4980.0;1;S
243400;;;BANANAS;SEASHELLS;4987.0;1;S
243600;;;BANANAS;SEASHELLS;4982.0;1;B
243700;;;BANANAS;SEASHELLS;4981.0;2;S
244700;;;BANANAS;SEASHELLS;4986.0;1;S
245000;;;BANANAS;SEASHELLS;4986.0;8;B
245100;;;BANANAS;SEASHELLS;4981.0;1;S
245200;;;BANANAS;SEASHELLS;4981.0;1;S
246500;;;BANANAS;SEASHELLS;4980.0;3;M
247300;;;BANANAS;SEASHELLS;4979.0;1;S
247600;;;BANANAS;SEASHELLS;4987.0;4;B
247600;;;BANANAS;SEASHELLS;4980.0;1;S
247700;;;BANANAS;SEASHELLS;4981.0;2;S
248100;;;BANANAS;SEASHELLS;4985.0;1;B
248300;;;BANANAS;SEASHELLS;4984.0;3;S
248400;;;BANANAS;SEASHELLS;4980.0;16;S
248400;;;BANANAS;SEASHELLS;4980.0;1;S
249200;;;BANANAS;SEASHELLS;4984.0;9;B
249400;;;BANANAS;SEASHELLS;4980.0;1;S
249900;;;BANANAS;SEASHELLS;4985.0;1;S
250300;;;BANANAS;SEASHELLS;4985.0;2;M
250500;;;BANANAS;SEASHELLS;4988.0;2;B
250600;;;BANANAS;SEASHELLS;4987.0;1;S
251300;;;BANANAS;SEASHELLS;4982.0;1;B
251500;;;BANANAS;SEASHELLS;4989.0;4;B
252800;;;BANANAS;SEASHELLS;4984.0;2;S
253400;;;BANANAS;SEASHELLS;4985.0;10;S
253500;;;BANANAS;SEASHELLS;4985.0;1;S
253700;;;BANANAS;SEASHELLS;4986.0;1;S
254000;;;BANANAS;SEASHELLS;4988.0;2;B
254000;;;BANANAS;SEASHELLS;4988.0;10;B
254700;;;BANANAS;SEASHELLS;4994.0;1;B
255000;;;BANANAS;SEASHELLS;4987.0;1;S
255100;;;BANANAS;SEASHELLS;4988.0;2;S
255400;;;BANANAS;SEASHELLS;4988.0;1;S
255700;;;BANANAS;SEASHELLS;4992.0;1;S
256000;;;BANANAS;SEASHELLS;4994.0;6;B
256000;;;BANANAS;SEASHELLS;4993.0;1;S
256000;;;BANANAS;SEASHELLS;4994.0;1;B
256200;;;BANANAS;SEASHELLS;4989.0;15;S
257100;;;BANANAS;SEASHELLS;4991.0;1;B
257100;;;BANANAS;SEASHELLS;4991.0;1;B
257300;;;BANANAS;SEASHELLS;4995.0;5;S
257600;;;BANANAS;SEASHELLS;4991.0;1;S
258200;;;BANANAS;SEASHELLS;4990.0;2;S
259300;;;BANANAS;SEASHELLS;4991.0;1;S
259500;;;BANANAS;SEASHELLS;4995.0;1;B
260200;;;BANANAS;SEASHELLS;4989.0;1;S
260300;;;BANANAS;SEASHELLS;4990.0;1;S
260600;;;BANANAS;SEASHELLS;4990.0;1;M
261000;;;BANANAS;SEASHELLS;4990.0;1;B
261500;;;BANANAS;SEASHELLS;4989.0;1;S
261800;;;BANANAS;SEASHELLS;4994.0;1;B
261900;;;BANANAS;SEASHELLS;4989.0;1;S
262200;;;BANANAS;SEASHELLS;4996.0;2;B
262800;;;BANANAS;SEASHELLS;4990.0;1;S
262900;;;BANANAS;SEASHELLS;4996.0;1;S
263700;;;BANANAS;SEASHELLS;4991.0;1;S
264500;;;BANANAS;SEASHELLS;4991.0;5;M
265700;;;BANANAS;SEASHELLS;4995.0;2;B
265700;;;BANANAS;SEASHELLS;4996.0;2;B
265900;;;BANANAS;SEASHELLS;4992.0;1;S
265900;;;BANANAS;SEASHELLS;4994.0;1;B
266000;;;BANANAS;SEASHELLS;4990.0;1;S
266300;;;BANANAS;SEASHELLS;4989.0;1;S
266500;;;BANANAS;SEASHELLS;4995.0;1;S
266800;;;BANANAS;SEASHELLS;4997.0;1;B
267000;;;BANANAS;SEASHELLS;4991.0;1;B
267900;;;BANANAS;SEASHELLS;4994.0;1;S
269000;;;BANANAS;SEASHELLS;4990.0;1;S
269000;;;BANANAS;SEASHELLS;4990.0;1;S
269200;;;BANANAS;SEASHELLS;4994.0;1;B
269800;;;BANANAS;SEASHELLS;4994.0;1;S
269900;;;BANANAS;SEASHELLS;4994.0;1;S
270000;;;BANANAS;SEASHELLS;4988.0;4;S
270100;;;BANANAS;SEASHELLS;4989.0;1;S
270300;;;BANANAS;SEASHELLS;4989.0;1;S
270600;;;BANANAS;SEASHELLS;4994.0;1;S
270700;;;BANANAS;SEASHELLS;4989.0;1;S
270900;;;BANANAS;SEASHELLS;4996.0;2;B
271200;;;BANANAS;SEASHELLS;4994.0;7;B
271700;;;BANANAS;SEASHELLS;4989.0;1;S
271900;;;BANANAS;SEASHELLS;4995.0;14;B
272100;;;BANANAS;SEASHELLS;4994.0;1;S
272200;;;BANANAS;SEASHELLS;4989.0;1;B
272800;;;BANANAS;SEASHELLS;4995.0;2;B
274200;;;BANANAS;SEASHELLS;4994.0;1;S
274600;;;BANANAS;SEASHELLS;4989.0;1;B
275000;;;BANANAS;SEASHELLS;4993.0;1;S
275600;;;BANANAS;SEASHELLS;4993.0;3;S
277000;;;BANANAS;SEASHELLS;4988.0;1;S
277000;;;BANANAS;SEASHELLS;4988.0;1;S
278100;;;BANANAS;SEASHELLS;4991.0;1;S
278200;;;BANANAS;SEASHELLS;4988.0;1;B
278700;;;BANANAS;SEASHELLS;4991.0;3;B
278700;;;BANANAS;SEASHELLS;4991.0;8;B
279200;;;BANANAS;SEASHELLS;4987.0;4;S
279300;;;BANANAS;SEASHELLS;4986.0;1;B
279400;;;BANANAS;SEASHELLS;4985.0;2;S
279900;;;BANANAS;SEASHELLS;4985.0;2;S
280200;;;BANANAS;SEASHELLS;4992.0;13;B
280400;;;BANANAS;SEASHELLS;4992.0;2;B
282200;;;BANANAS;SEASHELLS;4984.0;1;S
283300;;;BANANAS;SEASHELLS;4992.0;2;B
284200;;;BANANAS;SEASHELLS;4992.0;10;B
284500;;;BANANAS;SEASHELLS;4985.0;2;S
285100;;;BANANAS;SEASHELLS;4986.0;1;S
285300;;;BANANAS;SEASHELLS;4986.0;1;S
286000;;;BANANAS;SEASHELLS;4991.0;2;B
288100;;;BANANAS;SEASHELLS;4984.0;1;S
288600;;;BANANAS;SEASHELLS;4984.0;1;S
288900;;;BANANAS;SEASHELLS;4988.0;1;S
288900;;;BANANAS;SEASHELLS;4989.0;1;B
289400;;;BANANAS;SEASHELLS;4989.0;1;B
289400;;;BANANAS;SEASHELLS;4984.0;7;S
289700;;;BANANAS;SEASHELLS;4984.0;5;S
290200;;;BANANAS;SEASHELLS;4988.0;1;B
290300;;;BANANAS;SEASHELLS;4990.0;1;B
291400;;;BANANAS;SEASHELLS;4986.0;1;S
291700;;;BANANAS;SEASHELLS;4987.0;1;S
292300;;;BANANAS;SEASHELLS;4988.0;2;S
292600;;;BANANAS;SEASHELLS;4995.0;6;B
292600;;;BANANAS;SEASHELLS;4995.0;1;B
292800;;;BANANAS;SEASHELLS;4989.0;1;S
293000;;;BANANAS;SEASHELLS;4995.0;16;B
293000;;;BANANAS;SEASHELLS;4988.0;1;S
293100;;;BANANAS;SEASHELLS;4989.0;1;S
293400;;;BANANAS;SEASHELLS;4988.0;1;S
293400;;;BANANAS;SEASHELLS;4989.0;5;B
293600;;;BANANAS;SEASHELLS;4988.0;1;B
294000;;;BANANAS;SEASHELLS;4988.0;9;S
294200;;;BANANAS;SEASHELLS;4988.0;1;S
294200;;;BANANAS;SEASHELLS;4988.0;4;S
294300;;;BANANAS;SEASHELLS;4993.0;11;S
294900;;;BANANAS;SEASHELLS;4988.0;1;S
295300;;;BANANAS;SEASHELLS;4989.0;1;S
295700;;;BANANAS;SEASHELLS;4995.0;2;B
295800;;;BANANAS;SEASHELLS;4988.0;1;S
296100;;;BANANAS;SEASHELLS;4990.0;1;B
296300;;;BANANAS;SEASHELLS;4993.0;1;S
296700;;;BANANAS;SEASHELLS;4992.0;8;S
297000;;;BANANAS;SEASHELLS;4988.0;2;B
297100;;;BANANAS;SEASHELLS;4992.0;1;S
297400;;;BANANAS;SEASHELLS;4994.0;2;B
297400;;;BANANAS;SEASHELLS;4987.0;1;S
297400;;;BANANAS;SEASHELLS;4993.0;1;B
298100;;;BANANAS;SEASHELLS;4990.0;2;S
298600;;;BANANAS;SEASHELLS;4990.0;1;S
298800;;;BANANAS;SEASHELLS;4996.0;1;B
298900;;;BANANAS;SEASHELLS;4996.0;1;B
299600;;;BANANAS;SEASHELLS;4996.0;1;B
299700;;;BANANAS;SEASHELLS;4996.0;1;S
300700;;;BANANAS;SEASHELLS;4992.0;6;S
300800;;;BANANAS;SEASHELLS;4999.0;1;B
301100;;;BANANAS;SEASHELLS;4993.0;1;B
301400;;;BANANAS;SEASHELLS;4998.0;2;B
301900;;;BANANAS;SEASHELLS;4996.0;8;S
301900;;;BANANAS;SEASHELLS;4998.0;20;B
302100;;;BANANAS;SEASHELLS;4996.0;1;S
302100;;;BANANAS;SEASHELLS;4997.0;1;B
302900;;;BANANAS;SEASHELLS;4990.0;1;M
303100;;;BANANAS;SEASHELLS;4990.0;1;S
303100;;;BANANAS;SEASHELLS;4997.0;2;B
303400;;;BANANAS;SEASHELLS;4991.0;5;B
303600;;;BANANAS;SEASHELLS;4991.0;1;S
303900;;;BANANAS;SEASHELLS;4991.0;17;S
304100;;;BANANAS;SEASHELLS;4992.0;5;B
305600;;;BANANAS;SEASHELLS;4996.0;12;B
306000;;;BANANAS;SEASHELLS;4989.0;1;S
307500;;;BANANAS;SEASHELLS;4989.0;1;S
307900;;;BANANAS;SEASHELLS;4997.0;1;B
308200;;;BANANAS;SEASHELLS;4990.0;1;S
308300;;;BANANAS;SEASHELLS;4990.0;1;S
308500;;;BANANAS;SEASHELLS;4991.0;1;S
308600;;;BANANAS;SEASHELLS;4992.0;5;B
308600;;;BANANAS;SEASHELLS;4991.0;1;S
309200;;;BANANAS;SEASHELLS;4991.0;1;M
309600;;;BANANAS;SEASHELLS;4991.0;2;S
310800;;;BANANAS;SEASHELLS;4994.0;1;S
311100;;;BANANAS;SEASHELLS;4988.0;1;S
311700;;;BANANAS;SEASHELLS;4988.0;2;S
312300;;;BANANAS;SEASHELLS;4990.0;2;S
312500;;;BANANAS;SEASHELLS;4995.0;1;B
313100;;;BANANAS;SEASHELLS;4990.0;1;S
313200;;;BANANAS;SEASHELLS;4990.0;1;S
314200;;;BANANAS;SEASHELLS;4994.0;1;B
314700;;;BANANAS;SEASHELLS;4992.0;2;S
315800;;;BANANAS;SEASHELLS;4998.0;1;M
315800;;;BANANAS;SEASHELLS;4999.0;1;B
316000;;;BANANAS;SEASHELLS;4993.0;2;S
316200;;;BANANAS;SEASHELLS;4999.0;2;B
316600;;;BANANAS;SEASHELLS;5000.0;1;B
316800;;;BANANAS;SEASHELLS;4994.0;1;M
316900;;;BANANAS;SEASHELLS;4999.0;1;S
317400;;;BANANAS;SEASHELLS;4993.0;1;M
317600;;;BANANAS;SEASHELLS;4994.0;5;B
318400;;;BANANAS;SEASHELLS;4997.0;15;B
318700;;;BANANAS;SEASHELLS;4996.0;1;B
319000;;;BANANAS;SEASHELLS;4998.0;4;B
319500;;;BANANAS;SEASHELLS;4992.0;1;B
320200;;;BANANAS;SEASHELLS;4991.0;6;S
320300;;;BANANAS;SEASHELLS;4997.0;1;B
320500;;;BANANAS;SEASHELLS;4991.0;1;M
321100;;;BANANAS;SEASHELLS;4992.0;9;S
321100;;;BANANAS;SEASHELLS;4992.0;1;S
321300;;;BANANAS;SEASHELLS;4998.0;2;B
321600;;;BANANAS;SEASHELLS;4993.0;1;S
321800;;;BANANAS;SEASHELLS;4993.0;1;M
321900;;;BANANAS;SEASHELLS;4993.0;1;S
322000;;;BANANAS;SEASHELLS;4994.0;1;S
322100;;;BANANAS;SEASHELLS;4994.0;1;S
322500;;;BANANAS;SEASHELLS;4994.0;1;M
322900;;;BANANAS;SEASHELLS;4993.0;1;S
324100;;;BANANAS;SEASHELLS;4995.0;2;S
324300;;;BANANAS;SEASHELLS;4997.0;1;S
324500;;;BANANAS;SEASHELLS;4993.0;2;B
325100;;;BANANAS;SEASHELLS;4992.0;1;S
325500;;;BANANAS;SEASHELLS;4993.0;1;B
325500;;;BANANAS;SEASHELLS;4993.0;4;B
325900;;;BANANAS;SEASHELLS;4998.0;2;B
326200;;;BANANAS;SEASHELLS;4991.0;1;S
326300;;;BANANAS;SEASHELLS;4991.0;1;S
326400;;;BANANAS;SEASHELLS;4996.0;1;S
326600;;;BANANAS;SEASHELLS;4992.0;3;B
326600;;;BANANAS;SEASHELLS;4992.0;1;B
326900;;;BANANAS;SEASHELLS;4992.0;1;S
327400;;;BANANAS;SEASHELLS;4995.0;8;S
327500;;;BANANAS;SEASHELLS;4995.0;8;B
327500;;;BANANAS;SEASHELLS;4995.0;9;B
327700;;;BANANAS;SEASHELLS;4991.0;1;S
327800;;;BANANAS;SEASHELLS;4993.0;1;S
328400;;;BANANAS;SEASHELLS;4991.0;1;B
328600;;;BANANAS;SEASHELLS;4997.0;1;S
329000;;;BANANAS;SEASHELLS;4997.0;1;S
330400;;;BANANAS;SEASHELLS;4993.0;1;B
331000;;;BANANAS;SEASHELLS;4994.0;1;B
331300;;;BANANAS;SEASHELLS;4992.0;1;S
331800;;;BANANAS;SEASHELLS;4992.0;1;S
332000;;;BANANAS;SEASHELLS;4995.0;3;S
332300;;;BANANAS;SEASHELLS;5000.0;20;B
332800;;;BANANAS;SEASHELLS;5000.0;11;B
333100;;;BANANAS;SEASHELLS;4999.0;2;B
333300;;;BANANAS;SEASHELLS;4993.0;1;M
333900;;;BANANAS;SEASHELLS;4997.0;3;S
334100;;;BANANAS;SEASHELLS;4993.0;1;S
334300;;;BANANAS;SEASHELLS;4994.0;1;B
334500;;;BANANAS;SEASHELLS;4993.0;1;S
334800;;;BANANAS;SEASHELLS;4996.0;2;B
335000;;;BANANAS;SEASHELLS;4999.0;1;B
335200;;;BANANAS;SEASHELLS;4996.0;1;B
335400;;;BANANAS;SEASHELLS;4999.0;9;S
336200;;;BANANAS;SEASHELLS;5003.0;1;B
336400;;;BANANAS;SEASHELLS;5006.0;1;S
336600;;;BANANAS;SEASHELLS;5000.0;17;S
336600;;;BANANAS;SEASHELLS;5001.0;2;S
336700;;;BANANAS;SEASHELLS;5000.0;1;S
337200;;;BANANAS;SEASHELLS;5001.0;2;S
337400;;;BANANAS;SEASHELLS;5002.0;2;B
337600;;;BANANAS;SEASHELLS;5001.0;1;S
337900;;;BANANAS;SEASHELLS;5000.0;1;B
338300;;;BANANAS;SEASHELLS;5005.0;1;B
338300;;;BANANAS;SEASHELLS;4999.0;1;S
338600;;;BANANAS;SEASHELLS;5003.0;1;S
339600;;;BANANAS;SEASHELLS;5002.0;1;S
340100;;;BANANAS;SEASHELLS;5002.0;1;S
340500;;;BANANAS;SEASHELLS;5002.0;1;S
341300;;;BANANAS;SEASHELLS;5001.0;1;S
341400;;;BANANAS;SEASHELLS;4996.0;1;S
342100;;;BANANAS;SEASHELLS;4996.0;1;B
342300;;;BANANAS;SEASHELLS;4995.0;1;S
342900;;;BANANAS;SEASHELLS;4998.0;2;B
342900;;;BANANAS;SEASHELLS;4998.0;2;B
343500;;;BANANAS;SEASHELLS;4997.0;1;M
343700;;;BANANAS;SEASHELLS;4997.0;1;S
344100;;;BANANAS;SEASHELLS;5000.0;1;S
344600;;;BANANAS;SEASHELLS;4996.0;2;B
344800;;;BANANAS;SEASHELLS;5001.0;1;S
345000;;;BANANAS;SEASHELLS;4995.0;8;S
345100;;;BANANAS;SEASHELLS;4995.0;1;S
345900;;;BANANAS;SEASHELLS;4996.0;1;S
347300;;;BANANAS;SEASHELLS;4996.0;1;S
347500;;;BANANAS;SEASHELLS;4999.0;2;B
347800;;;BANANAS;SEASHELLS;4993.0;1;B
348300;;;BANANAS;SEASHELLS;4994.0;2;S
348600;;;BANANAS;SEASHELLS;5000.0;11;B
348800;;;BANANAS;SEASHELLS;4994.0;1;S
349000;;;BANANAS;SEASHELLS;4993.0;1;S
349100;;;BANANAS;SEASHELLS;4997.0;1;M
349200;;;BANANAS;SEASHELLS;4993.0;1;S
349400;;;BANANAS;SEASHELLS;4999.0;1;S
349500;;;BANANAS;SEASHELLS;4999.0;1;S
349600;;;BANANAS;SEASHELLS;4993.0;1;S
349900;;;BANANAS;SEASHELLS;5000.0;1;M
350100;;;BANANAS;SEASHELLS;4999.0;12;S
350400;;;BANANAS;SEASHELLS;4995.0;1;B
350800;;;BANANAS;SEASHELLS;4994.0;2;S
350800;;;BANANAS;SEASHELLS;4995.0;1;B
351000;;;BANANAS;SEASHELLS;4999.0;1;S
351400;;;BANANAS;SEASHELLS;5001.0;2;B
351500;;;BANANAS;SEASHELLS;4994.0;1;S
351800;;;BANANAS;SEASHELLS;4999.0;2;B
351800;;;BANANAS;SEASHELLS;4999.0;7;B
352800;;;BANANAS;SEASHELLS;4992.0;1;M
352900;;;BANANAS;SEASHELLS;4997.0;1;S
353100;;;BANANAS;SEASHELLS;4992.0;1;S
353200;;;BANANAS;SEASHELLS;4992.0;20;S
353600;;;BANANAS;SEASHELLS;4993.0;2;S
354100;;;BANANAS;SEASHELLS;4998.0;12;S
354200;;;BANANAS;SEASHELLS;4997.0;1;B
354300;;;BANANAS;SEASHELLS;4998.0;1;B
354700;;;BANANAS;SEASHELLS;4998.0;1;S
354800;;;BANANAS;SEASHELLS;4994.0;3;B
355100;;;BANANAS;SEASHELLS;4992.0;2;S
355300;;;BANANAS;SEASHELLS;4997.0;1;S
356100;;;BANANAS;SEASHELLS;4993.0;1;S
357200;;;BANANAS;SEASHELLS;4990.0;1;B
358300;;;BANANAS;SEASHELLS;4988.0;1;S
358500;;;BANANAS;SEASHELLS;4987.0;1;S
358600;;;BANANAS;SEASHELLS;4986.0;1;S
359200;;;BANANAS;SEASHELLS;4991.0;1;S
359200;;;BANANAS;SEASHELLS;4991.0;2;S
359200;;;BANANAS;SEASHELLS;4991.0;0;S
359200;;;BANANAS;SEASHELLS;4991.0;6;S
359400;;;BANANAS;SEASHELLS;4993.0;8;B
359800;;;BANANAS;SEASHELLS;4987.0;1;M
359900;;;BANANAS;SEASHELLS;4986.0;1;S
360600;;;BANANAS;SEASHELLS;4990.0;1;B
360700;;;BANANAS;SEASHELLS;4990.0;4;S
360800;;;BANANAS;SEASHELLS;4991.0;8;S
361300;;;BANANAS;SEASHELLS;4985.0;2;S
361700;;;BANANAS;SEASHELLS;4990.0;1;S
362200;;;BANANAS;SEASHELLS;4985.0;2;S
362900;;;BANANAS;SEASHELLS;4991.0;1;B
363300;;;BANANAS;SEASHELLS;4990.0;1;B
364100;;;BANANAS;SEASHELLS;4990.0;1;S
364600;;;BANANAS;SEASHELLS;4990.0;1;S
365000;;;BANANAS;SEASHELLS;4986.0;1;S
365300;;;BANANAS;SEASHELLS;4992.0;12;B
365300;;;BANANAS;SEASHELLS;4991.0;1;S
365500;;;BANANAS;SEASHELLS;4992.0;13;B
365900;;;BANANAS;SEASHELLS;4992.0;1;S
366700;;;BANANAS;SEASHELLS;4986.0;1;S
367000;;;BANANAS;SEASHELLS;4987.0;1;S
367100;;;BANANAS;SEASHELLS;4987.0;1;S
367100;;;BANANAS;SEASHELLS;4993.0;16;B
367300;;;BANANAS;SEASHELLS;4986.0;1;S
367900;;;BANANAS;SEASHELLS;4988.0;1;B
368000;;;BANANAS;SEASHELLS;4993.0;2;B
368100;;;BANANAS;SEASHELLS;4991.0;1;B
368300;;;BANANAS;SEASHELLS;4988.0;3;B
368700;;;BANANAS;SEASHELLS;4986.0;1;S
368800;;;BANANAS;SEASHELLS;4993.0;1;B
369100;;;BANANAS;SEASHELLS;4992.0;1;B
369300;;;BANANAS;SEASHELLS;4986.0;1;M
369400;;;BANANAS;SEASHELLS;4986.0;6;B
369400;;;BANANAS;SEASHELLS;4986.0;2;B
369900;;;BANANAS;SEASHELLS;4991.0;1;S
370300;;;BANANAS;SEASHELLS;4985.0;13;S
370600;;;BANANAS;SEASHELLS;4990.0;1;S
370900;;;BANANAS;SEASHELLS;4986.0;1;S
370900;;;BANANAS;SEASHELLS;4986.0;2;S
371300;;;BANANAS;SEASHELLS;4991.0;1;S
372600;;;BANANAS;SEASHELLS;4985.0;1;M
372700;;;BANANAS;SEASHELLS;4992.0;2;B
372900;;;BANANAS;SEASHELLS;4985.0;1;M
373500;;;BANANAS;SEASHELLS;4984.0;1;S
373800;;;BANANAS;SEASHELLS;4990.0;1;S
374300;;;BANANAS;SEASHELLS;4985.0;1;S
374500;;;BANANAS;SEASHELLS;4984.0;20;S
374700;;;BANANAS;SEASHELLS;4985.0;5;S
375200;;;BANANAS;SEASHELLS;4984.0;1;M
375400;;;BANANAS;SEASHELLS;4984.0;16;S
375500;;;BANANAS;SEASHELLS;4984.0;1;S
375900;;;BANANAS;SEASHELLS;4989.0;1;B
376000;;;BANANAS;SEASHELLS;4990.0;1;B
376100;;;BANANAS;SEASHELLS;4990.0;1;S
376300;;;BANANAS;SEASHELLS;4990.0;2;B
376900;;;BANANAS;SEASHELLS;4988.0;1;S
376900;;;BANANAS;SEASHELLS;4988.0;11;S
378000;;;BANANAS;SEASHELLS;4984.0;1;S
379200;;;BANANAS;SEASHELLS;4982.0;1;S
379300;;;BANANAS;SEASHELLS;4982.0;1;S
379400;;;BANANAS;SEASHELLS;4982.0;1;M
379600;;;BANANAS;SEASHELLS;4987.0;1;S
379700;;;BANANAS;SEASHELLS;4981.0;2;S
379800;;;BANANAS;SEASHELLS;4985.0;1;B
380400;;;BANANAS;SEASHELLS;4980.0;1;B
380700;;;BANANAS;SEASHELLS;4985.0;1;S
381000;;;BANANAS;SEASHELLS;4980.0;2;S
381200;;;BANANAS;SEASHELLS;4985.0;1;B
381200;;;BANANAS;SEASHELLS;4985.0;1;B
381500;;;BANANAS;SEASHELLS;4984.0;1;S
382100;;;BANANAS;SEASHELLS;4986.0;10;B
382200;;;BANANAS;SEASHELLS;4983.0;1;S
382500;;;BANANAS;SEASHELLS;4977.0;1;S
382600;;;BANANAS;SEASHELLS;4978.0;1;M
383200;;;BANANAS;SEASHELLS;4983.0;3;S
383200;;;BANANAS;SEASHELLS;4983.0;1;S
383300;;;BANANAS;SEASHELLS;4984.0;1;S
383600;;;BANANAS;SEASHELLS;4980.0;1;S
383800;;;BANANAS;SEASHELLS;4981.0;1;S
384200;;;BANANAS;SEASHELLS;4982.0;2;S
384400;;;BANANAS;SEASHELLS;4984.0;2;B
384500;;;BANANAS;SEASHELLS;4987.0;1;S
385400;;;BANANAS;SEASHELLS;4983.0;1;S
386000;;;BANANAS;SEASHELLS;4988.0;1;B
386500;;;BANANAS;SEASHELLS;4987.0;1;S
386600;;;BANANAS;SEASHELLS;4982.0;1;S
387000;;;BANANAS;SEASHELLS;4985.0;3;S
387300;;;BANANAS;SEASHELLS;4980.0;10;B
387600;;;BANANAS;SEASHELLS;4981.0;1;B
387700;;;BANANAS;SEASHELLS;4981.0;2;S
387700;;;BANANAS;SEASHELLS;4986.0;1;B
387900;;;BANANAS;SEASHELLS;4987.0;1;B
389000;;;BANANAS;SEASHELLS;4982.0;2;S
389500;;;BANANAS;SEASHELLS;4981.0;1;S
390100;;;BANANAS;SEASHELLS;4987.0;1;B
390200;;;BANANAS;SEASHELLS;4983.0;1;S
390400;;;BANANAS;SEASHELLS;4982.0;1;S
390400;;;BANANAS;SEASHELLS;4982.0;20;S
390400;;;BANANAS;SEASHELLS;0.0;2;S
390500;;;BANANAS;SEASHELLS;4988.0;1;S
391000;;;BANANAS;SEASHELLS;4988.0;1;S
391100;;;BANANAS;SEASHELLS;4983.0;15;S
392000;;;BANANAS;SEASHELLS;4984.0;2;B
392000;;;BANANAS;SEASHELLS;4987.0;1;B
392100;;;BANANAS;SEASHELLS;4982.0;1;S
392500;;;BANANAS;SEASHELLS;4989.0;8;B
393300;;;BANANAS;SEASHELLS;4980.0;1;S
393800;;;BANANAS;SEASHELLS;4985.0;1;B
394100;;;BANANAS;SEASHELLS;4986.0;2;B
394200;;;BANANAS;SEASHELLS;4980.0;18;S
394500;;;BANANAS;SEASHELLS;4979.0;1;S
394700;;;BANANAS;SEASHELLS;4986.0;1;B
396300;;;BANANAS;SEASHELLS;4986.0;7;B
396600;;;BANANAS;SEASHELLS;4985.0;1;S
396700;;;BANANAS;SEASHELLS;4980.0;2;S
396900;;;BANANAS;SEASHELLS;4984.0;4;S
397000;;;BANANAS;SEASHELLS;4985.0;1;S
397100;;;BANANAS;SEASHELLS;4979.0;1;B
397100;;;BANANAS;SEASHELLS;4979.0;6;B
397200;;;BANANAS;SEASHELLS;4978.0;1;S
397200;;;BANANAS;SEASHELLS;4978.0;10;S
397600;;;BANANAS;SEASHELLS;4978.0;5;B
398000;;;BANANAS;SEASHELLS;4982.0;1;S
398200;;;BANANAS;SEASHELLS;4984.0;12;B
398300;;;BANANAS;SEASHELLS;4978.0;1;S
398500;;;BANANAS;SEASHELLS;4983.0;1;S
398800;;;BANANAS;SEASHELLS;4978.0;1;S
400000;;;BANANAS;SEASHELLS;4984.0;12;B
400200;;;BANANAS;SEASHELLS;4978.0;1;S
400400;;;BANANAS;SEASHELLS;4980.0;1;S
400600;;;BANANAS;SEASHELLS;4986.0;2;B
400800;;;BANANAS;SEASHELLS;4979.0;1;S
401600;;;BANANAS;SEASHELLS;4987.0;9;B
402500;;;BANANAS;SEASHELLS;4987.0;1;B
402600;;;BANANAS;SEASHELLS;4982.0;1;S
402900;;;BANANAS;SEASHELLS;4989.0;2;B
402900;;;BANANAS;SEASHELLS;4989.0;19;B
402900;;;BANANAS;SEASHELLS;4989.0;6;B
403800;;;BANANAS;SEASHELLS;4982.0;1;B
403900;;;BANANAS;SEASHELLS;4986.0;1;S
404900;;;BANANAS;SEASHELLS;4981.0;2;S
405100;;;BANANAS;SEASHELLS;4980.0;1;S
406600;;;BANANAS;SEASHELLS;4985.0;2;B
407500;;;BANANAS;SEASHELLS;4987.0;1;S
407500;;;BANANAS;SEASHELLS;4986.0;1;S
407900;;;BANANAS;SEASHELLS;4987.0;1;S
409200;;;BANANAS;SEASHELLS;4983.0;1;B
410800;;;BANANAS;SEASHELLS;4983.0;1;S
411000;;;BANANAS;SEASHELLS;4984.0;1;M
413100;;;BANANAS;SEASHELLS;4982.0;2;S
413600;;;BANANAS;SEASHELLS;4982.0;1;S
414000;;;BANANAS;SEASHELLS;4987.0;1;B
414400;;;BANANAS;SEASHELLS;4980.0;1;S
414900;;;BANANAS;SEASHELLS;4987.0;8;B
415100;;;BANANAS;SEASHELLS;4986.0;1;B
416800;;;BANANAS;SEASHELLS;4989.0;1;B
417200;;;BANANAS;SEASHELLS;4982.0;10;S
417800;;;BANANAS;SEASHELLS;4981.0;1;S
418100;;;BANANAS;SEASHELLS;4981.0;1;S
418200;;;BANANAS;SEASHELLS;4981.0;1;S
418200;;;BANANAS;SEASHELLS;4985.0;2;B
418300;;;BANANAS;SEASHELLS;4981.0;1;S
418700;;;BANANAS;SEASHELLS;4987.0;2;B
418700;;;BANANAS;SEASHELLS;4984.0;6;B
418800;;;BANANAS;SEASHELLS;4988.0;1;S
419000;;;BANANAS;SEASHELLS;4987.0;1;S
419400;;;BANANAS;SEASHELLS;4985.0;3;B
420100;;;BANANAS;SEASHELLS;4989.0;1;B
420500;;;BANANAS;SEASHELLS;4989.0;1;M
420600;;;BANANAS;SEASHELLS;4984.0;1;S
421600;;;BANANAS;SEASHELLS;4990.0;1;S
421700;;;BANANAS;SEASHELLS;4988.0;3;S
421800;;;BANANAS;SEASHELLS;4984.0;1;S
422000;;;BANANAS;SEASHELLS;4985.0;1;B
422100;;;BANANAS;SEASHELLS;4991.0;3;B
422200;;;BANANAS;SEASHELLS;4985.0;1;B
422500;;;BANANAS;SEASHELLS;4986.0;2;S
423200;;;BANANAS;SEASHELLS;4992.0;1;S
423900;;;BANANAS;SEASHELLS;4994.0;9;B
424300;;;BANANAS;SEASHELLS;4987.0;1;S
424600;;;BANANAS;SEASHELLS;4992.0;1;B
425000;;;BANANAS;SEASHELLS;4991.0;1;S
425000;;;BANANAS;SEASHELLS;4991.0;1;S
425100;;;BANANAS;SEASHELLS;4991.0;1;B
425600;;;BANANAS;SEASHELLS;4986.0;2;S
425900;;;BANANAS;SEASHELLS;4986.0;1;S
426800;;;BANANAS;SEASHELLS;4987.0;1;B
427700;;;BANANAS;SEASHELLS;4992.0;9;B
427800;;;BANANAS;SEASHELLS;4986.0;2;S
428100;;;BANANAS;SEASHELLS;4992.0;2;B
428200;;;BANANAS;SEASHELLS;4985.0;1;S
428300;;;BANANAS;SEASHELLS;4985.0;1;S
428400;;;BANANAS;SEASHELLS;4985.0;1;S
428900;;;BANANAS;SEASHELLS;4989.0;1;S
429300;;;BANANAS;SEASHELLS;4989.0;1;B
429900;;;BANANAS;SEASHELLS;4987.0;3;S
430300;;;BANANAS;SEASHELLS;4984.0;4;B
431000;;;BANANAS;SEASHELLS;4982.0;1;S
431500;;;BANANAS;SEASHELLS;4982.0;1;M
431900;;;BANANAS;SEASHELLS;4981.0;1;S
432200;;;BANANAS;SEASHELLS;4982.0;1;S
432200;;;BANANAS;SEASHELLS;4982.0;12;S
432400;;;BANANAS;SEASHELLS;4983.0;1;B
432600;;;BANANAS;SEASHELLS;4981.0;14;S
433200;;;BANANAS;SEASHELLS;4987.0;1;S
433400;;;BANANAS;SEASHELLS;4988.0;1;B
433900;;;BANANAS;SEASHELLS;4983.0;5;S
434200;;;BANANAS;SEASHELLS;4983.0;1;S
434200;;;BANANAS;SEASHELLS;4988.0;11;S
434500;;;BANANAS;SEASHELLS;4988.0;1;B
434800;;;BANANAS;SEASHELLS;4985.0;5;B
435200;;;BANANAS;SEASHELLS;4988.0;1;S
435700;;;BANANAS;SEASHELLS;4983.0;3;B
436300;;;BANANAS;SEASHELLS;4986.0;1;S
436400;;;BANANAS;SEASHELLS;4986.0;1;B
436600;;;BANANAS;SEASHELLS;4981.0;1;S
437200;;;BANANAS;SEASHELLS;4985.0;1;B
437900;;;BANANAS;SEASHELLS;4980.0;1;M
438400;;;BANANAS;SEASHELLS;4987.0;1;B
439200;;;BANANAS;SEASHELLS;4988.0;11;B
439200;;;BANANAS;SEASHELLS;4988.0;1;B
439300;;;BANANAS;SEASHELLS;4982.0;1;S
439400;;;BANANAS;SEASHELLS;4982.0;1;S
439500;;;BANANAS;SEASHELLS;4983.0;2;B
440100;;;BANANAS;SEASHELLS;4988.0;1;S
440300;;;BANANAS;SEASHELLS;4987.0;1;S
440600;;;BANANAS;SEASHELLS;4982.0;1;S
440700;;;BANANAS;SEASHELLS;4987.0;1;S
440900;;;BANANAS;SEASHELLS;4982.0;1;S
441200;;;BANANAS;SEASHELLS;4983.0;2;S
441300;;;BANANAS;SEASHELLS;4990.0;2;B
441700;;;BANANAS;SEASHELLS;4983.0;4;B
441700;;;BANANAS;SEASHELLS;4983.0;6;B
441700;;;BANANAS;SEASHELLS;4983.0;2;B
441900;;;BANANAS;SEASHELLS;4987.0;3;S
442100;;;BANANAS;SEASHELLS;4983.0;1;S
442300;;;BANANAS;SEASHELLS;4987.0;1;S
442400;;;BANANAS;SEASHELLS;4982.0;1;S
443500;;;BANANAS;SEASHELLS;4983.0;1;S
444000;;;BANANAS;SEASHELLS;4986.0;1;B
444100;;;BANANAS;SEASHELLS;4981.0;2;S
444300;;;BANANAS;SEASHELLS;4987.0;2;B
444400;;;BANANAS;SEASHELLS;4981.0;1;S
444500;;;BANANAS;SEASHELLS;4981.0;1;S
444800;;;BANANAS;SEASHELLS;4981.0;7;S
444900;;;BANANAS;SEASHELLS;4981.0;1;S
445100;;;BANANAS;SEASHELLS;4982.0;2;B
445400;;;BANANAS;SEASHELLS;4981.0;12;B
445400;;;BANANAS;SEASHELLS;4986.0;1;B
447400;;;BANANAS;SEASHELLS;4988.0;5;B
447400;;;BANANAS;SEASHELLS;4981.0;1;S
447700;;;BANANAS;SEASHELLS;4987.0;1;B
448300;;;BANANAS;SEASHELLS;4986.0;1;S
448500;;;BANANAS;SEASHELLS;4987.0;2;B
448900;;;BANANAS;SEASHELLS;4981.0;1;S
450000;;;BANANAS;SEASHELLS;4984.0;2;B
450000;;;BANANAS;SEASHELLS;4984.0;1;B
450100;;;BANANAS;SEASHELLS;4983.0;2;S
450400;;;BANANAS;SEASHELLS;4987.0;1;B
450500;;;BANANAS;SEASHELLS;4983.0;1;S
451000;;;BANANAS;SEASHELLS;4983.0;1;S
451300;;;BANANAS;SEASHELLS;4988.0;1;B
451500;;;BANANAS;SEASHELLS;4989.0;12;B
452300;;;BANANAS;SEASHELLS;4983.0;1;S
452600;;;BANANAS;SEASHELLS;4984.0;1;S
453100;;;BANANAS;SEASHELLS;4985.0;2;B
454500;;;BANANAS;SEASHELLS;4983.0;1;S
454800;;;BANANAS;SEASHELLS;4990.0;2;B
455100;;;BANANAS;SEASHELLS;4985.0;1;S
455500;;;BANANAS;SEASHELLS;4985.0;1;S
455600;;;BANANAS;SEASHELLS;4984.0;1;S
455800;;;BANANAS;SEASHELLS;4990.0;2;B
456100;;;BANANAS;SEASHELLS;4983.0;1;S
456800;;;BANANAS;SEASHELLS;4987.0;3;S
457200;;;BANANAS;SEASHELLS;4985.0;8;B
458600;;;BANANAS;SEASHELLS;4985.0;1;S
459200;;;BANANAS;SEASHELLS;4990.0;1;S
459300;;;BANANAS;SEASHELLS;4986.0;1;M
460500;;;BANANAS;SEASHELLS;4984.0;2;S
460600;;;BANANAS;SEASHELLS;4985.0;2;B
461100;;;BANANAS;SEASHELLS;4984.0;1;M
461300;;;BANANAS;SEASHELLS;4988.0;1;B
462600;;;BANANAS;SEASHELLS;4984.0;1;S
463700;;;BANANAS;SEASHELLS;4991.0;1;S
463800;;;BANANAS;SEASHELLS;4992.0;1;S
463900;;;BANANAS;SEASHELLS;4988.0;2;B
464100;;;BANANAS;SEASHELLS;4987.0;1;S
464500;;;BANANAS;SEASHELLS;4987.0;1;S
465000;;;BANANAS;SEASHELLS;4985.0;1;S
465200;;;BANANAS;SEASHELLS;4991.0;2;B
465500;;;BANANAS;SEASHELLS;4989.0;1;S
466200;;;BANANAS;SEASHELLS;4983.0;2;S
466300;;;BANANAS;SEASHELLS;4984.0;7;B
466800;;;BANANAS;SEASHELLS;4983.0;1;S
467100;;;BANANAS;SEASHELLS;4985.0;4;B
467100;;;BANANAS;SEASHELLS;4988.0;1;B
468000;;;BANANAS;SEASHELLS;4981.0;1;S
468500;;;BANANAS;SEASHELLS;4985.0;1;S
469100;;;BANANAS;SEASHELLS;4986.0;2;B
469300;;;BANANAS;SEASHELLS;4980.0;5;S
469500;;;BANANAS;SEASHELLS;4986.0;2;B
469500;;;BANANAS;SEASHELLS;4986.0;2;B
469600;;;BANANAS;SEASHELLS;4986.0;2;B
469600;;;BANANAS;SEASHELLS;4985.0;1;S
470100;;;BANANAS;SEASHELLS;4982.0;1;S
470500;;;BANANAS;SEASHELLS;4987.0;1;B
470800;;;BANANAS;SEASHELLS;4988.0;2;B
471600;;;BANANAS;SEASHELLS;4980.0;1;S
471600;;;BANANAS;SEASHELLS;4987.0;1;B
472000;;;BANANAS;SEASHELLS;4980.0;1;S
472100;;;BANANAS;SEASHELLS;4987.0;2;B
472200;;;BANANAS;SEASHELLS;4981.0;4;B
472400;;;BANANAS;SEASHELLS;4985.0;1;B
472900;;;BANANAS;SEASHELLS;4985.0;1;S
472900;;;BANANAS;SEASHELLS;4985.0;2;S
473400;;;BANANAS;SEASHELLS;4985.0;4;B
473500;;;BANANAS;SEASHELLS;4986.0;1;B
473600;;;BANANAS;SEASHELLS;4982.0;3;B
473700;;;BANANAS;SEASHELLS;4981.0;1;S
474000;;;BANANAS;SEASHELLS;4986.0;1;S
474300;;;BANANAS;SEASHELLS;4981.0;6;S
474300;;;BANANAS;SEASHELLS;4981.0;1;S
474500;;;BANANAS;SEASHELLS;4986.0;1;S
474800;;;BANANAS;SEASHELLS;4982.0;2;B
474900;;;BANANAS;SEASHELLS;4981.0;1;M
475100;;;BANANAS;SEASHELLS;4982.0;4;B
475100;;;BANANAS;SEASHELLS;4985.0;1;B
475300;;;BANANAS;SEASHELLS;4982.0;5;B
475500;;;BANANAS;SEASHELLS;4985.0;1;S
476100;;;BANANAS;SEASHELLS;4981.0;1;S
476200;;;BANANAS;SEASHELLS;4982.0;2;S
476300;;;BANANAS;SEASHELLS;4981.0;1;S
476800;;;BANANAS;SEASHELLS;4982.0;2;B
476800;;;BANANAS;SEASHELLS;4982.0;11;B
477000;;;BANANAS;SEASHELLS;4986.0;1;S
477100;;;BANANAS;SEASHELLS;4981.0;4;S
477100;;;BANANAS;SEASHELLS;4981.0;1;S
477500;;;BANANAS;SEASHELLS;4981.0;2;S
477900;;;BANANAS;SEASHELLS;4980.0;2;S
478200;;;BANANAS;SEASHELLS;4985.0;1;S
478400;;;BANANAS;SEASHELLS;4981.0;1;S
478900;;;BANANAS;SEASHELLS;4980.0;1;S
479800;;;BANANAS;SEASHELLS;4985.0;1;S
480300;;;BANANAS;SEASHELLS;4979.0;10;B
480300;;;BANANAS;SEASHELLS;4984.0;1;B
480700;;;BANANAS;SEASHELLS;4979.0;1;S
480800;;;BANANAS;SEASHELLS;4986.0;2;B
481300;;;BANANAS;SEASHELLS;4980.0;1;S
482300;;;BANANAS;SEASHELLS;4980.0;1;S
482500;;;BANANAS;SEASHELLS;4982.0;2;B
482800;;;BANANAS;SEASHELLS;4984.0;1;S
482800;;;BANANAS;SEASHELLS;4985.0;1;S
483000;;;BANANAS;SEASHELLS;4984.0;1;B
483300;;;BANANAS;SEASHELLS;4985.0;1;B
483500;;;BANANAS;SEASHELLS;4983.0;1;S
484000;;;BANANAS;SEASHELLS;4983.0;1;B
484100;;;BANANAS;SEASHELLS;4978.0;1;S
484400;;;BANANAS;SEASHELLS;4982.0;1;S
484800;;;BANANAS;SEASHELLS;4977.0;2;S
484900;;;BANANAS;SEASHELLS;4977.0;2;S
485500;;;BANANAS;SEASHELLS;4976.0;2;S
485500;;;BANANAS;SEASHELLS;4977.0;5;B
485900;;;BANANAS;SEASHELLS;4975.0;1;S
486000;;;BANANAS;SEASHELLS;4982.0;12;B
486200;;;BANANAS;SEASHELLS;4980.0;5;S
486200;;;BANANAS;SEASHELLS;4980.0;7;S
486300;;;BANANAS;SEASHELLS;4976.0;8;S
486700;;;BANANAS;SEASHELLS;4978.0;4;M
486700;;;BANANAS;SEASHELLS;4974.0;9;S
486800;;;BANANAS;SEASHELLS;4980.0;1;S
487000;;;BANANAS;SEASHELLS;4974.0;1;S
487300;;;BANANAS;SEASHELLS;4975.0;1;S
487600;;;BANANAS;SEASHELLS;4976.0;1;B
487700;;;BANANAS;SEASHELLS;4980.0;1;B
488200;;;BANANAS;SEASHELLS;4982.0;20;B
488200;;;BANANAS;SEASHELLS;4982.0;2;B
488500;;;BANANAS;SEASHELLS;4978.0;2;S
488500;;;BANANAS;SEASHELLS;4978.0;1;S
488500;;;BANANAS;SEASHELLS;4979.0;1;M
489000;;;BANANAS;SEASHELLS;4975.0;5;S
489100;;;BANANAS;SEASHELLS;4975.0;9;S
489800;;;BANANAS;SEASHELLS;4976.0;1;S
490200;;;BANANAS;SEASHELLS;4976.0;2;B
490400;;;BANANAS;SEASHELLS;4974.0;1;S
490600;;;BANANAS;SEASHELLS;4981.0;7;B
491000;;;BANANAS;SEASHELLS;4979.0;1;B
492300;;;BANANAS;SEASHELLS;4980.0;1;S
492400;;;BANANAS;SEASHELLS;4975.0;1;B
492700;;;BANANAS;SEASHELLS;4979.0;2;B
492800;;;BANANAS;SEASHELLS;4978.0;1;S
492800;;;BANANAS;SEASHELLS;4978.0;11;S
492900;;;BANANAS;SEASHELLS;4974.0;1;B
492900;;;BANANAS;SEASHELLS;4974.0;1;B
493100;;;BANANAS;SEASHELLS;4974.0;1;S
493200;;;BANANAS;SEASHELLS;4973.0;1;S
493600;;;BANANAS;SEASHELLS;4974.0;4;B
493700;;;BANANAS;SEASHELLS;4973.0;18;S
493900;;;BANANAS;SEASHELLS;4977.0;1;M
494600;;;BANANAS;SEASHELLS;4973.0;12;B
495100;;;BANANAS;SEASHELLS;4976.0;1;S
495300;;;BANANAS;SEASHELLS;4971.0;1;S
495400;;;BANANAS;SEASHELLS;4971.0;1;M
496000;;;BANANAS;SEASHELLS;4970.0;1;S
497900;;;BANANAS;SEASHELLS;4971.0;2;S
498100;;;BANANAS;SEASHELLS;4972.0;1;B
498600;;;BANANAS;SEASHELLS;4966.0;1;S
498600;;;BANANAS;SEASHELLS;4972.0;2;B
499600;;;BANANAS;SEASHELLS;4969.0;1;B
499600;;;BANANAS;SEASHELLS;4964.0;2;S
499700;;;BANANAS;SEASHELLS;4969.0;1;S
499800;;;BANANAS;SEASHELLS;4970.0;1;B
500200;;;BANANAS;SEASHELLS;4965.0;1;M
500300;;;BANANAS;SEASHELLS;4971.0;1;B
500700;;;BANANAS;SEASHELLS;4964.0;1;S
500900;;;BANANAS;SEASHELLS;4968.0;2;S
500900;;;BANANAS;SEASHELLS;4968.0;2;S
501400;;;BANANAS;SEASHELLS;4965.0;4;B
501600;;;BANANAS;SEASHELLS;4971.0;1;B
501900;;;BANANAS;SEASHELLS;4969.0;2;B
502300;;;BANANAS;SEASHELLS;4963.0;1;S
502600;;;BANANAS;SEASHELLS;4967.0;1;B
503000;;;BANANAS;SEASHELLS;4964.0;1;B
503200;;;BANANAS;SEASHELLS;4969.0;10;S
503300;;;BANANAS;SEASHELLS;4964.0;1;S
503900;;;BANANAS;SEASHELLS;4964.0;1;S
504100;;;BANANAS;SEASHELLS;4963.0;1;S
504400;;;BANANAS;SEASHELLS;4963.0;1;B
504700;;;BANANAS;SEASHELLS;4967.0;1;B
504900;;;BANANAS;SEASHELLS;4963.0;1;S
505100;;;BANANAS;SEASHELLS;4963.0;1;S
505700;;;BANANAS;SEASHELLS;4967.0;7;S
505800;;;BANANAS;SEASHELLS;4962.0;2;S
506000;;;BANANAS;SEASHELLS;4968.0;1;B
506200;;;BANANAS;SEASHELLS;4966.0;1;B
506200;;;BANANAS;SEASHELLS;4966.0;1;B
506300;;;BANANAS;SEASHELLS;4969.0;1;B
506300;;;BANANAS;SEASHELLS;4962.0;1;S
506500;;;BANANAS;SEASHELLS;4962.0;2;S
507600;;;BANANAS;SEASHELLS;4967.0;1;S
508100;;;BANANAS;SEASHELLS;4968.0;1;B
508300;;;BANANAS;SEASHELLS;4967.0;1;B
508500;;;BANANAS;SEASHELLS;4962.0;1;B
508600;;;BANANAS;SEASHELLS;4961.0;2;S
508800;;;BANANAS;SEASHELLS;4963.0;4;B
508800;;;BANANAS;SEASHELLS;4963.0;2;B
508800;;;BANANAS;SEASHELLS;4967.0;1;B
509100;;;BANANAS;SEASHELLS;4967.0;1;S
509500;;;BANANAS;SEASHELLS;4966.0;1;B
511600;;;BANANAS;SEASHELLS;4963.0;1;S
512200;;;BANANAS;SEASHELLS;4962.0;1;S
512500;;;BANANAS;SEASHELLS;4967.0;1;S
512700;;;BANANAS;SEASHELLS;4962.0;1;S
512900;;;BANANAS;SEASHELLS;4963.0;1;S
513000;;;BANANAS;SEASHELLS;4969.0;1;B
513100;;;BANANAS;SEASHELLS;4964.0;4;B
513400;;;BANANAS;SEASHELLS;4970.0;15;B
513500;;;BANANAS;SEASHELLS;4970.0;1;B
514500;;;BANANAS;SEASHELLS;4963.0;13;S
514500;;;BANANAS;SEASHELLS;4968.0;1;B
516400;;;BANANAS;SEASHELLS;4967.0;1;B
516600;;;BANANAS;SEASHELLS;4964.0;2;B
516900;;;BANANAS;SEASHELLS;4965.0;18;B
517100;;;BANANAS;SEASHELLS;4958.0;1;S
517200;;;BANANAS;SEASHELLS;4961.0;1;S
517400;;;BANANAS;SEASHELLS;4959.0;1;B
517600;;;BANANAS;SEASHELLS;4958.0;2;S
518200;;;BANANAS;SEASHELLS;4958.0;20;S
518400;;;BANANAS;SEASHELLS;4958.0;4;S
518500;;;BANANAS;SEASHELLS;4957.0;1;S
518600;;;BANANAS;SEASHELLS;4958.0;1;M
518700;;;BANANAS;SEASHELLS;4957.0;1;S
519300;;;BANANAS;SEASHELLS;4964.0;1;B
520100;;;BANANAS;SEASHELLS;4966.0;1;S
520400;;;BANANAS;SEASHELLS;4962.0;1;B
520500;;;BANANAS;SEASHELLS;4961.0;1;M
520600;;;BANANAS;SEASHELLS;4966.0;1;B
520900;;;BANANAS;SEASHELLS;4965.0;12;S
521200;;;BANANAS;SEASHELLS;4962.0;2;S
521400;;;BANANAS;SEASHELLS;4962.0;2;S
521400;;;BANANAS;SEASHELLS;4962.0;12;S
521500;;;BANANAS;SEASHELLS;4967.0;1;B
522200;;;BANANAS;SEASHELLS;4962.0;3;B
522300;;;BANANAS;SEASHELLS;4965.0;4;B
523700;;;BANANAS;SEASHELLS;4960.0;1;S
523800;;;BANANAS;SEASHELLS;4960.0;1;S
524500;;;BANANAS;SEASHELLS;4965.0;2;B
524900;;;BANANAS;SEASHELLS;4957.0;2;S
525300;;;BANANAS;SEASHELLS;4959.0;18;S
526200;;;BANANAS;SEASHELLS;4965.0;1;S
526400;;;BANANAS;SEASHELLS;4966.0;1;S
526500;;;BANANAS;SEASHELLS;4966.0;1;B
526600;;;BANANAS;SEASHELLS;4966.0;1;B
527100;;;BANANAS;SEASHELLS;4965.0;6;B
529600;;;BANANAS;SEASHELLS;4964.0;1;S
530200;;;BANANAS;SEASHELLS;4965.0;1;B
530300;;;BANANAS;SEASHELLS;4966.0;1;B
530300;;;BANANAS;SEASHELLS;4966.0;3;B
530700;;;BANANAS;SEASHELLS;4971.0;2;B
531100;;;BANANAS;SEASHELLS;4967.0;1;B
531100;;;BANANAS;SEASHELLS;4965.0;1;S
531500;;;BANANAS;SEASHELLS;4966.0;1;B
531800;;;BANANAS;SEASHELLS;4970.0;1;S
532500;;;BANANAS;SEASHELLS;4968.0;2;S
532800;;;BANANAS;SEASHELLS;4970.0;1;S
532900;;;BANANAS;SEASHELLS;4965.0;5;S
533000;;;BANANAS;SEASHELLS;4965.0;1;B
534100;;;BANANAS;SEASHELLS;4965.0;1;S
534400;;;BANANAS;SEASHELLS;4970.0;1;S
534700;;;BANANAS;SEASHELLS;4968.0;4;S
535400;;;BANANAS;SEASHELLS;4965.0;1;S
535500;;;BANANAS;SEASHELLS;4968.0;1;S
535800;;;BANANAS;SEASHELLS;4964.0;7;B
536100;;;BANANAS;SEASHELLS;4969.0;1;B
536200;;;BANANAS;SEASHELLS;4962.0;1;S
536300;;;BANANAS;SEASHELLS;4962.0;1;S
536400;;;BANANAS;SEASHELLS;4962.0;7;S
536900;;;BANANAS;SEASHELLS;4965.0;1;S
538300;;;BANANAS;SEASHELLS;4966.0;1;S
538800;;;BANANAS;SEASHELLS;4971.0;1;S
539000;;;BANANAS;SEASHELLS;4972.0;1;B
539400;;;BANANAS;SEASHELLS;4966.0;1;S
539500;;;BANANAS;SEASHELLS;4971.0;1;B
540000;;;BANANAS;SEASHELLS;4971.0;1;B
540100;;;BANANAS;SEASHELLS;4969.0;5;B
540100;;;BANANAS;SEASHELLS;4965.0;1;B
540300;;;BANANAS;SEASHELLS;4965.0;1;B
540600;;;BANANAS;SEASHELLS;4966.0;3;B
540700;;;BANANAS;SEASHELLS;4972.0;2;B
540800;;;BANANAS;SEASHELLS;4970.0;5;M
541200;;;BANANAS;SEASHELLS;4972.0;1;B
542000;;;BANANAS;SEASHELLS;4965.0;1;S
542100;;;BANANAS;SEASHELLS;4970.0;1;B
542200;;;BANANAS;SEASHELLS;4969.0;1;S
542200;;;BANANAS;SEASHELLS;4969.0;3;S
542400;;;BANANAS;SEASHELLS;4969.0;3;B
542400;;;BANANAS;SEASHELLS;4965.0;1;S
542600;;;BANANAS;SEASHELLS;4965.0;8;B
543500;;;BANANAS;SEASHELLS;4962.0;1;S
543500;;;BANANAS;SEASHELLS;4969.0;18;B
544000;;;BANANAS;SEASHELLS;4962.0;11;S
544400;;;BANANAS;SEASHELLS;4961.0;1;S
544500;;;BANANAS;SEASHELLS;4961.0;1;S
545200;;;BANANAS;SEASHELLS;4962.0;2;S
546400;;;BANANAS;SEASHELLS;4964.0;8;B
546400;;;BANANAS;SEASHELLS;4964.0;1;B
546500;;;BANANAS;SEASHELLS;4968.0;1;S
547100;;;BANANAS;SEASHELLS;4962.0;1;S
547300;;;BANANAS;SEASHELLS;4963.0;2;B
547600;;;BANANAS;SEASHELLS;4968.0;1;S
548400;;;BANANAS;SEASHELLS;4961.0;2;S
548500;;;BANANAS;SEASHELLS;4962.0;1;S
549200;;;BANANAS;SEASHELLS;4961.0;1;M
549300;;;BANANAS;SEASHELLS;4965.0;1;S
550300;;;BANANAS;SEASHELLS;4967.0;19;B
550500;;;BANANAS;SEASHELLS;4966.0;1;S
550800;;;BANANAS;SEASHELLS;4966.0;1;B
550900;;;BANANAS;SEASHELLS;4960.0;1;S
551000;;;BANANAS;SEASHELLS;4965.0;1;S
551300;;;BANANAS;SEASHELLS;4960.0;1;B
551400;;;BANANAS;SEASHELLS;4965.0;1;S
551600;;;BANANAS;SEASHELLS;4960.0;1;B
551700;;;BANANAS;SEASHELLS;4966.0;1;B
551900;;;BANANAS;SEASHELLS;4965.0;1;B
551900;;;BANANAS;SEASHELLS;4965.0;1;B
552100;;;BANANAS;SEASHELLS;4960.0;1;S
552300;;;BANANAS;SEASHELLS;4960.0;1;S
552600;;;BANANAS;SEASHELLS;4965.0;1;S
553000;;;BANANAS;SEASHELLS;4961.0;1;S
553400;;;BANANAS;SEASHELLS;4962.0;18;S
553600;;;BANANAS;SEASHELLS;4963.0;1;S
553700;;;BANANAS;SEASHELLS;4963.0;1;S
553900;;;BANANAS;SEASHELLS;4962.0;1;S
554600;;;BANANAS;SEASHELLS;4964.0;7;B
555100;;;BANANAS;SEASHELLS;4966.0;4;S
555100;;;BANANAS;SEASHELLS;4966.0;1;S
555200;;;BANANAS;SEASHELLS;4963.0;1;B
555300;;;BANANAS;SEASHELLS;4962.0;1;S
555600;;;BANANAS;SEASHELLS;4961.0;1;S
555700;;;BANANAS;SEASHELLS;4961.0;1;S
555900;;;BANANAS;SEASHELLS;4961.0;1;S
556000;;;BANANAS;SEASHELLS;4961.0;1;S
556100;;;BANANAS;SEASHELLS;4963.0;2;M
556700;;;BANANAS;SEASHELLS;4962.0;1;B
558300;;;BANANAS;SEASHELLS;4967.0;1;S
558400;;;BANANAS;SEASHELLS;4963.0;2;B
558700;;;BANANAS;SEASHELLS;4964.0;6;B
558800;;;BANANAS;SEASHELLS;4962.0;1;S
559300;;;BANANAS;SEASHELLS;4967.0;1;S
560600;;;BANANAS;SEASHELLS;4961.0;1;S
561000;;;BANANAS;SEASHELLS;4962.0;1;S
561100;;;BANANAS;SEASHELLS;4967.0;1;B
561500;;;BANANAS;SEASHELLS;4968.0;1;S
562100;;;BANANAS;SEASHELLS;4967.0;1;S
562400;;;BANANAS;SEASHELLS;4966.0;4;B
562900;;;BANANAS;SEASHELLS;4961.0;1;S
563400;;;BANANAS;SEASHELLS;4967.0;1;S
563700;;;BANANAS;SEASHELLS;4965.0;2;B
564100;;;BANANAS;SEASHELLS;4968.0;4;S
564600;;;BANANAS;SEASHELLS;4970.0;7;B
564800;;;BANANAS;SEASHELLS;4967.0;1;B
565600;;;BANANAS;SEASHELLS;4966.0;1;S
565700;;;BANANAS;SEASHELLS;4971.0;1;S
565900;;;BANANAS;SEASHELLS;4971.0;1;S
566000;;;BANANAS;SEASHELLS;4966.0;1;S
566200;;;BANANAS;SEASHELLS;4966.0;1;S
566300;;;BANANAS;SEASHELLS;4970.0;5;S
566800;;;BANANAS;SEASHELLS;4973.0;2;B
567000;;;BANANAS;SEASHELLS;4974.0;1;B
567300;;;BANANAS;SEASHELLS;4973.0;2;B
567400;;;BANANAS;SEASHELLS;4968.0;1;S
567700;;;BANANAS;SEASHELLS;4969.0;2;S
568300;;;BANANAS;SEASHELLS;4968.0;1;S
568400;;;BANANAS;SEASHELLS;4968.0;1;B
568500;;;BANANAS;SEASHELLS;4968.0;1;S
568700;;;BANANAS;SEASHELLS;4969.0;1;S
568800;;;BANANAS;SEASHELLS;4969.0;10;S
568800;;;BANANAS;SEASHELLS;4969.0;1;S
569800;;;BANANAS;SEASHELLS;4970.0;5;B
570200;;;BANANAS;SEASHELLS;4972.0;2;S
570700;;;BANANAS;SEASHELLS;4972.0;1;S
570800;;;BANANAS;SEASHELLS;4968.0;1;S
571900;;;BANANAS;SEASHELLS;4973.0;2;B
572600;;;BANANAS;SEASHELLS;4968.0;1;S
572900;;;BANANAS;SEASHELLS;4968.0;1;S
573000;;;BANANAS;SEASHELLS;4967.0;1;S
573500;;;BANANAS;SEASHELLS;4972.0;10;S
573900;;;BANANAS;SEASHELLS;4969.0;4;B
574000;;;BANANAS;SEASHELLS;4967.0;1;S
574500;;;BANANAS;SEASHELLS;4970.0;1;S
575300;;;BANANAS;SEASHELLS;4966.0;2;S
575500;;;BANANAS;SEASHELLS;4967.0;5;S
575700;;;BANANAS;SEASHELLS;4966.0;1;S
575800;;;BANANAS;SEASHELLS;4966.0;1;B
576100;;;BANANAS;SEASHELLS;4966.0;1;S
576200;;;BANANAS;SEASHELLS;4966.0;4;S
576300;;;BANANAS;SEASHELLS;4973.0;2;B
577000;;;BANANAS;SEASHELLS;4967.0;1;S
577400;;;BANANAS;SEASHELLS;4972.0;7;B
578200;;;BANANAS;SEASHELLS;4969.0;1;S
578300;;;BANANAS;SEASHELLS;4974.0;1;S
578400;;;BANANAS;SEASHELLS;4970.0;1;S
579300;;;BANANAS;SEASHELLS;4971.0;1;S
579800;;;BANANAS;SEASHELLS;4977.0;1;B
579800;;;BANANAS;SEASHELLS;4975.0;1;M
580200;;;BANANAS;SEASHELLS;4969.0;1;S
581200;;;BANANAS;SEASHELLS;4976.0;1;B
581700;;;BANANAS;SEASHELLS;4970.0;1;S
582200;;;BANANAS;SEASHELLS;4977.0;1;S
582600;;;BANANAS;SEASHELLS;4979.0;9;B
583600;;;BANANAS;SEASHELLS;4978.0;1;B
583700;;;BANANAS;SEASHELLS;4972.0;2;S
583900;;;BANANAS;SEASHELLS;4973.0;4;S
584000;;;BANANAS;SEASHELLS;4979.0;1;S
584200;;;BANANAS;SEASHELLS;4979.0;1;S
584400;;;BANANAS;SEASHELLS;4978.0;1;S
584700;;;BANANAS;SEASHELLS;4974.0;1;S
584800;;;BANANAS;SEASHELLS;4979.0;1;S
584900;;;BANANAS;SEASHELLS;4974.0;1;S
584900;;;BANANAS;SEASHELLS;4975.0;2;B
585500;;;BANANAS;SEASHELLS;4980.0;2;B
585800;;;BANANAS;SEASHELLS;4974.0;4;B
585800;;;BANANAS;SEASHELLS;4972.0;1;B
585900;;;BANANAS;SEASHELLS;4978.0;14;B
586200;;;BANANAS;SEASHELLS;4979.0;1;B
586400;;;BANANAS;SEASHELLS;4977.0;8;S
586500;;;BANANAS;SEASHELLS;4979.0;1;B
587100;;;BANANAS;SEASHELLS;4973.0;7;B
587100;;;BANANAS;SEASHELLS;4977.0;1;B
587200;;;BANANAS;SEASHELLS;4979.0;1;B
587700;;;BANANAS;SEASHELLS;4972.0;10;S
588600;;;BANANAS;SEASHELLS;4972.0;1;S
588800;;;BANANAS;SEASHELLS;4978.0;1;B
588900;;;BANANAS;SEASHELLS;4972.0;1;S
589000;;;BANANAS;SEASHELLS;4977.0;1;S
589100;;;BANANAS;SEASHELLS;4977.0;1;B
589700;;;BANANAS;SEASHELLS;4971.0;1;B
590600;;;BANANAS;SEASHELLS;4975.0;1;S
591300;;;BANANAS;SEASHELLS;4970.0;1;S
591500;;;BANANAS;SEASHELLS;4971.0;1;S
591900;;;BANANAS;SEASHELLS;4972.0;1;S
591900;;;BANANAS;SEASHELLS;4977.0;1;B
592200;;;BANANAS;SEASHELLS;4972.0;1;S
592400;;;BANANAS;SEASHELLS;4972.0;1;S
592500;;;BANANAS;SEASHELLS;4978.0;2;B
592900;;;BANANAS;SEASHELLS;4979.0;1;B
593300;;;BANANAS;SEASHELLS;4971.0;1;S
593300;;;BANANAS;SEASHELLS;4977.0;2;B
593500;;;BANANAS;SEASHELLS;4971.0;11;B
593700;;;BANANAS;SEASHELLS;4971.0;4;S
594800;;;BANANAS;SEASHELLS;4978.0;2;B
595000;;;BANANAS;SEASHELLS;4977.0;1;S
595300;;;BANANAS;SEASHELLS;4973.0;1;S
595400;;;BANANAS;SEASHELLS;4978.0;1;S
595500;;;BANANAS;SEASHELLS;4980.0;1;B
596100;;;BANANAS;SEASHELLS;4973.0;1;S
596600;;;BANANAS;SEASHELLS;4979.0;1;B
596800;;;BANANAS;SEASHELLS;4979.0;2;B
596800;;;BANANAS;SEASHELLS;4979.0;3;B
597300;;;BANANAS;SEASHELLS;4976.0;3;S
597300;;;BANANAS;SEASHELLS;4976.0;3;S
597300;;;BANANAS;SEASHELLS;4976.0;0;S
597300;;;BANANAS;SEASHELLS;4976.0;7;S
597500;;;BANANAS;SEASHELLS;4972.0;1;S
598000;;;BANANAS;SEASHELLS;4972.0;1;S
598200;;;BANANAS;SEASHELLS;4971.0;1;S
598800;;;BANANAS;SEASHELLS;4974.0;4;B
599000;;;BANANAS;SEASHELLS;4972.0;2;S
599000;;;BANANAS;SEASHELLS;4973.0;1;B
599100;;;BANANAS;SEASHELLS;4978.0;2;B
599300;;;BANANAS;SEASHELLS;4972.0;2;S
599600;;;BANANAS;SEASHELLS;4972.0;1;S
599700;;;BANANAS;SEASHELLS;4979.0;2;B
600000;;;BANANAS;SEASHELLS;4979.0;1;S
600200;;;BANANAS;SEASHELLS;4978.0;1;B
600400;;;BANANAS;SEASHELLS;4978.0;1;S
600600;;;BANANAS;SEASHELLS;4974.0;7;S
601500;;;BANANAS;SEASHELLS;4979.0;1;S
601600;;;BANANAS;SEASHELLS;4981.0;2;B
601700;;;BANANAS;SEASHELLS;4975.0;1;M
602700;;;BANANAS;SEASHELLS;4982.0;2;B
602700;;;BANANAS;SEASHELLS;4975.0;1;S
603600;;;BANANAS;SEASHELLS;4979.0;1;S
603900;;;BANANAS;SEASHELLS;4974.0;1;M
604400;;;BANANAS;SEASHELLS;4978.0;4;B
604400;;;BANANAS;SEASHELLS;4978.0;1;B
604800;;;BANANAS;SEASHELLS;4974.0;1;S
605200;;;BANANAS;SEASHELLS;4974.0;2;S
605700;;;BANANAS;SEASHELLS;4981.0;1;B
606100;;;BANANAS;SEASHELLS;4976.0;1;S
606200;;;BANANAS;SEASHELLS;4981.0;1;S
606600;;;BANANAS;SEASHELLS;4980.0;3;S
606800;;;BANANAS;SEASHELLS;4975.0;16;S
607400;;;BANANAS;SEASHELLS;4975.0;6;S
608400;;;BANANAS;SEASHELLS;4974.0;2;S
608500;;;BANANAS;SEASHELLS;4974.0;6;S
608800;;;BANANAS;SEASHELLS;4974.0;1;S
609700;;;BANANAS;SEASHELLS;4972.0;8;B
609700;;;BANANAS;SEASHELLS;4977.0;1;B
609800;;;BANANAS;SEASHELLS;4977.0;1;B
609900;;;BANANAS;SEASHELLS;4972.0;1;S
610100;;;BANANAS;SEASHELLS;4973.0;1;S
610200;;;BANANAS;SEASHELLS;4978.0;1;S
610400;;;BANANAS;SEASHELLS;4979.0;2;B
610800;;;BANANAS;SEASHELLS;4973.0;1;S
610800;;;BANANAS;SEASHELLS;4978.0;1;B
610900;;;BANANAS;SEASHELLS;4973.0;8;S
611000;;;BANANAS;SEASHELLS;4973.0;7;S
611500;;;BANANAS;SEASHELLS;4975.0;1;S
612300;;;BANANAS;SEASHELLS;4982.0;1;S
612500;;;BANANAS;SEASHELLS;4982.0;1;B
612500;;;BANANAS;SEASHELLS;4977.0;1;S
612900;;;BANANAS;SEASHELLS;4976.0;1;S
613100;;;BANANAS;SEASHELLS;4976.0;1;S
613700;;;BANANAS;SEASHELLS;4984.0;4;B
613700;;;BANANAS;SEASHELLS;4983.0;1;S
613900;;;BANANAS;SEASHELLS;4978.0;1;S
614000;;;BANANAS;SEASHELLS;4984.0;1;B
614000;;;BANANAS;SEASHELLS;4977.0;1;S
614400;;;BANANAS;SEASHELLS;4982.0;1;S
614800;;;BANANAS;SEASHELLS;4976.0;2;S
614900;;;BANANAS;SEASHELLS;4976.0;15;S
615100;;;BANANAS;SEASHELLS;4983.0;2;B
615300;;;BANANAS;SEASHELLS;4982.0;2;B
615700;;;BANANAS;SEASHELLS;4976.0;1;S
616200;;;BANANAS;SEASHELLS;4976.0;3;B
617000;;;BANANAS;SEASHELLS;4977.0;5;B
617000;;;BANANAS;SEASHELLS;4977.0;7;B
617300;;;BANANAS;SEASHELLS;4977.0;1;M
617600;;;BANANAS;SEASHELLS;4977.0;1;B
617700;;;BANANAS;SEASHELLS;4976.0;2;S
617900;;;BANANAS;SEASHELLS;4978.0;3;B
618400;;;BANANAS;SEASHELLS;4978.0;1;S
619000;;;BANANAS;SEASHELLS;4978.0;1;S
619200;;;BANANAS;SEASHELLS;4984.0;1;S
619200;;;BANANAS;SEASHELLS;4983.0;3;S
619400;;;BANANAS;SEASHELLS;4986.0;11;B
619400;;;BANANAS;SEASHELLS;4980.0;1;S
619800;;;BANANAS;SEASHELLS;4980.0;6;S
620100;;;BANANAS;SEASHELLS;4982.0;3;B
621700;;;BANANAS;SEASHELLS;4981.0;11;B
621900;;;BANANAS;SEASHELLS;4985.0;1;S
622000;;;BANANAS;SEASHELLS;4982.0;1;B
622200;;;BANANAS;SEASHELLS;4987.0;1;B
622300;;;BANANAS;SEASHELLS;4981.0;2;S
622400;;;BANANAS;SEASHELLS;4981.0;8;B
622500;;;BANANAS;SEASHELLS;4986.0;1;S
622500;;;BANANAS;SEASHELLS;4985.0;5;S
623500;;;BANANAS;SEASHELLS;4983.0;1;S
623600;;;BANANAS;SEASHELLS;4982.0;1;S
623900;;;BANANAS;SEASHELLS;4983.0;8;S
623900;;;BANANAS;SEASHELLS;4983.0;1;S
624400;;;BANANAS;SEASHELLS;4987.0;4;S
624700;;;BANANAS;SEASHELLS;4981.0;1;S
625700;;;BANANAS;SEASHELLS;4984.0;2;B
625800;;;BANANAS;SEASHELLS;4986.0;1;B
626300;;;BANANAS;SEASHELLS;4984.0;1;S
626800;;;BANANAS;SEASHELLS;4985.0;1;B
626900;;;BANANAS;SEASHELLS;4979.0;1;S
627300;;;BANANAS;SEASHELLS;4978.0;1;S
627700;;;BANANAS;SEASHELLS;4982.0;1;S
627800;;;BANANAS;SEASHELLS;4982.0;1;S
628300;;;BANANAS;SEASHELLS;4977.0;1;S
628400;;;BANANAS;SEASHELLS;4983.0;1;B
628400;;;BANANAS;SEASHELLS;4980.0;1;B
628700;;;BANANAS;SEASHELLS;4978.0;2;S
628800;;;BANANAS;SEASHELLS;4983.0;1;S
628800;;;BANANAS;SEASHELLS;4982.0;2;S
629000;;;BANANAS;SEASHELLS;4983.0;2;M
629200;;;BANANAS;SEASHELLS;4978.0;1;S
629900;;;BANANAS;SEASHELLS;4980.0;2;S
630100;;;BANANAS;SEASHELLS;4979.0;1;S
630200;;;BANANAS;SEASHELLS;4984.0;1;B
630300;;;BANANAS;SEASHELLS;4986.0;2;B
630500;;;BANANAS;SEASHELLS;4980.0;1;B
631000;;;BANANAS;SEASHELLS;4981.0;5;B
631500;;;BANANAS;SEASHELLS;4986.0;7;B
632400;;;BANANAS;SEASHELLS;4982.0;1;S
632500;;;BANANAS;SEASHELLS;4981.0;11;S
633100;;;BANANAS;SEASHELLS;4980.0;1;S
633400;;;BANANAS;SEASHELLS;4980.0;8;S
633400;;;BANANAS;SEASHELLS;4980.0;10;S
633400;;;BANANAS;SEASHELLS;4980.0;2;S
633500;;;BANANAS;SEASHELLS;4979.0;1;B
633600;;;BANANAS;SEASHELLS;4983.0;2;S
633700;;;BANANAS;SEASHELLS;4985.0;1;B
634000;;;BANANAS;SEASHELLS;4983.0;1;S
634100;;;BANANAS;SEASHELLS;4977.0;1;S
634400;;;BANANAS;SEASHELLS;4983.0;1;B
634500;;;BANANAS;SEASHELLS;4977.0;1;S
635000;;;BANANAS;SEASHELLS;4976.0;1;S
636000;;;BANANAS;SEASHELLS;4982.0;1;B
636400;;;BANANAS;SEASHELLS;4977.0;1;M
637500;;;BANANAS;SEASHELLS;4978.0;1;S
637900;;;BANANAS;SEASHELLS;4986.0;2;B
638300;;;BANANAS;SEASHELLS;4985.0;1;S
638500;;;BANANAS;SEASHELLS;4979.0;1;S
639000;;;BANANAS;SEASHELLS;4985.0;1;S
639300;;;BANANAS;SEASHELLS;4982.0;1;S
639400;;;BANANAS;SEASHELLS;4984.0;6;B
639600;;;BANANAS;SEASHELLS;4987.0;7;S
639900;;;BANANAS;SEASHELLS;4981.0;1;S
640000;;;BANANAS;SEASHELLS;4981.0;1;M
640000;;;BANANAS;SEASHELLS;4980.0;5;S
641400;;;BANANAS;SEASHELLS;4984.0;1;B
642000;;;BANANAS;SEASHELLS;4983.0;1;S
642100;;;BANANAS;SEASHELLS;4978.0;1;B
642300;;;BANANAS;SEASHELLS;4978.0;1;M
642700;;;BANANAS;SEASHELLS;4984.0;2;B
643000;;;BANANAS;SEASHELLS;4983.0;1;S
643400;;;BANANAS;SEASHELLS;4979.0;1;B
643400;;;BANANAS;SEASHELLS;4978.0;1;S
643600;;;BANANAS;SEASHELLS;4981.0;1;S
643800;;;BANANAS;SEASHELLS;4984.0;1;B
644100;;;BANANAS;SEASHELLS;4978.0;1;S
644400;;;BANANAS;SEASHELLS;4978.0;1;S
644400;;;BANANAS;SEASHELLS;4978.0;1;S
644500;;;BANANAS;SEASHELLS;4978.0;1;S
644600;;;BANANAS;SEASHELLS;4978.0;1;S
645000;;;BANANAS;SEASHELLS;4976.0;7;S
645500;;;BANANAS;SEASHELLS;4982.0;1;M
645600;;;BANANAS;SEASHELLS;4978.0;10;S
645600;;;BANANAS;SEASHELLS;4978.0;2;S
646300;;;BANANAS;SEASHELLS;4980.0;1;S
646700;;;BANANAS;SEASHELLS;4980.0;7;B
647100;;;BANANAS;SEASHELLS;4982.0;5;B
647400;;;BANANAS;SEASHELLS;4980.0;1;S
647500;;;BANANAS;SEASHELLS;4981.0;1;S
648000;;;BANANAS;SEASHELLS;4980.0;1;B
648200;;;BANANAS;SEASHELLS;4980.0;1;S
648700;;;BANANAS;SEASHELLS;4980.0;1;B
648800;;;BANANAS;SEASHELLS;4981.0;2;B
648900;;;BANANAS;SEASHELLS;4979.0;1;S
649800;;;BANANAS;SEASHELLS;4981.0;1;B
650000;;;BANANAS;SEASHELLS;4979.0;15;S
650300;;;BANANAS;SEASHELLS;4986.0;1;B
650500;;;BANANAS;SEASHELLS;4980.0;1;B
650500;;;BANANAS;SEASHELLS;4980.0;10;B
651000;;;BANANAS;SEASHELLS;4986.0;17;B
651000;;;BANANAS;SEASHELLS;4986.0;2;B
651500;;;BANANAS;SEASHELLS;4979.0;1;S
651600;;;BANANAS;SEASHELLS;4985.0;1;S
651900;;;BANANAS;SEASHELLS;4983.0;1;S
651900;;;BANANAS;SEASHELLS;4983.0;1;S
652100;;;BANANAS;SEASHELLS;4979.0;1;B
652500;;;BANANAS;SEASHELLS;4985.0;1;B
652800;;;BANANAS;SEASHELLS;4979.0;12;B
654600;;;BANANAS;SEASHELLS;4980.0;1;B
655600;;;BANANAS;SEASHELLS;4989.0;3;B
656000;;;BANANAS;SEASHELLS;4982.0;1;S
657000;;;BANANAS;SEASHELLS;4985.0;3;S
657500;;;BANANAS;SEASHELLS;4981.0;1;S
658600;;;BANANAS;SEASHELLS;4984.0;8;S
658800;;;BANANAS;SEASHELLS;4979.0;1;S
658800;;;BANANAS;SEASHELLS;4986.0;15;B
658900;;;BANANAS;SEASHELLS;4985.0;1;B
659200;;;BANANAS;SEASHELLS;4980.0;1;S
659500;;;BANANAS;SEASHELLS;4987.0;1;B
659600;;;BANANAS;SEASHELLS;4980.0;13;S
660200;;;BANANAS;SEASHELLS;4981.0;1;S
661100;;;BANANAS;SEASHELLS;4983.0;2;S
661100;;;BANANAS;SEASHELLS;4983.0;1;S
661800;;;BANANAS;SEASHELLS;4987.0;9;S
662200;;;BANANAS;SEASHELLS;4982.0;1;S
662300;;;BANANAS;SEASHELLS;4983.0;1;S
662500;;;BANANAS;SEASHELLS;4983.0;1;S
662600;;;BANANAS;SEASHELLS;4990.0;2;B
662900;;;BANANAS;SEASHELLS;4982.0;1;S
663000;;;BANANAS;SEASHELLS;4989.0;2;B
664700;;;BANANAS;SEASHELLS;4988.0;2;B
664700;;;BANANAS;SEASHELLS;4981.0;6;S
664800;;;BANANAS;SEASHELLS;4986.0;1;B
664900;;;BANANAS;SEASHELLS;4986.0;2;S
665000;;;BANANAS;SEASHELLS;4986.0;2;B
665000;;;BANANAS;SEASHELLS;4981.0;1;S
665400;;;BANANAS;SEASHELLS;4981.0;2;S
665500;;;BANANAS;SEASHELLS;4982.0;1;S
665500;;;BANANAS;SEASHELLS;4987.0;2;S
665500;;;BANANAS;SEASHELLS;4987.0;9;S
665700;;;BANANAS;SEASHELLS;4988.0;1;M
665700;;;BANANAS;SEASHELLS;4990.0;2;B
666200;;;BANANAS;SEASHELLS;4984.0;1;S
666300;;;BANANAS;SEASHELLS;4985.0;5;M
666600;;;BANANAS;SEASHELLS;4990.0;1;S
666600;;;BANANAS;SEASHELLS;4989.0;10;S
666800;;;BANANAS;SEASHELLS;4990.0;1;S
668300;;;BANANAS;SEASHELLS;4990.0;2;B
668400;;;BANANAS;SEASHELLS;4984.0;1;S
668800;;;BANANAS;SEASHELLS;4985.0;1;S
669500;;;BANANAS;SEASHELLS;4991.0;1;B
669600;;;BANANAS;SEASHELLS;4986.0;1;S
669600;;;BANANAS;SEASHELLS;4992.0;1;B
669700;;;BANANAS;SEASHELLS;4990.0;1;S
669700;;;BANANAS;SEASHELLS;4990.0;2;S
669800;;;BANANAS;SEASHELLS;4990.0;2;S
669900;;;BANANAS;SEASHELLS;4992.0;1;S
670400;;;BANANAS;SEASHELLS;4988.0;1;B
670800;;;BANANAS;SEASHELLS;4986.0;1;B
671100;;;BANANAS;SEASHELLS;4991.0;1;S
671100;;;BANANAS;SEASHELLS;4991.0;10;S
671300;;;BANANAS;SEASHELLS;4988.0;4;B
671600;;;BANANAS;SEASHELLS;4987.0;1;S
672500;;;BANANAS;SEASHELLS;4989.0;4;B
672600;;;BANANAS;SEASHELLS;4993.0;1;S
673700;;;BANANAS;SEASHELLS;4988.0;2;S
673900;;;BANANAS;SEASHELLS;4993.0;1;S
673900;;;BANANAS;SEASHELLS;4993.0;1;S
674600;;;BANANAS;SEASHELLS;4994.0;2;B
674700;;;BANANAS;SEASHELLS;4988.0;1;S
675600;;;BANANAS;SEASHELLS;4986.0;10;S
675600;;;BANANAS;SEASHELLS;4986.0;1;S
675800;;;BANANAS;SEASHELLS;4989.0;2;B
675900;;;BANANAS;SEASHELLS;4993.0;2;B
677500;;;BANANAS;SEASHELLS;4987.0;1;B
677900;;;BANANAS;SEASHELLS;4987.0;9;B
678000;;;BANANAS;SEASHELLS;4993.0;2;B
678600;;;BANANAS;SEASHELLS;4986.0;1;B
678700;;;BANANAS;SEASHELLS;4992.0;2;B
678800;;;BANANAS;SEASHELLS;4986.0;1;S
679000;;;BANANAS;SEASHELLS;4991.0;1;B
679100;;;BANANAS;SEASHELLS;4989.0;1;B
679300;;;BANANAS;SEASHELLS;4984.0;2;S
679900;;;BANANAS;SEASHELLS;4990.0;12;B
680500;;;BANANAS;SEASHELLS;4990.0;1;B
680600;;;BANANAS;SEASHELLS;4990.0;3;B
680900;;;BANANAS;SEASHELLS;4989.0;1;B
681600;;;BANANAS;SEASHELLS;4983.0;1;S
681600;;;BANANAS;SEASHELLS;4983.0;1;S
681800;;;BANANAS;SEASHELLS;4989.0;5;B
682000;;;BANANAS;SEASHELLS;4987.0;1;S
682700;;;BANANAS;SEASHELLS;4982.0;1;S
683200;;;BANANAS;SEASHELLS;4987.0;1;S
683900;;;BANANAS;SEASHELLS;4989.0;13;B
684100;;;BANANAS;SEASHELLS;4988.0;1;S
684600;;;BANANAS;SEASHELLS;4986.0;5;M
685100;;;BANANAS;SEASHELLS;4986.0;1;B
685700;;;BANANAS;SEASHELLS;4982.0;1;M
685900;;;BANANAS;SEASHELLS;4982.0;1;B
687100;;;BANANAS;SEASHELLS;4987.0;1;B
687200;;;BANANAS;SEASHELLS;4982.0;1;S
687400;;;BANANAS;SEASHELLS;4981.0;2;S
687500;;;BANANAS;SEASHELLS;4986.0;1;S
687900;;;BANANAS;SEASHELLS;4980.0;1;S
688000;;;BANANAS;SEASHELLS;4980.0;1;S
688300;;;BANANAS;SEASHELLS;4980.0;2;S
688300;;;BANANAS;SEASHELLS;4980.0;1;S
688900;;;BANANAS;SEASHELLS;4981.0;1;S
689200;;;BANANAS;SEASHELLS;4982.0;1;B
690200;;;BANANAS;SEASHELLS;4982.0;0;B
690200;;;BANANAS;SEASHELLS;4982.0;1;B
690200;;;BANANAS;SEASHELLS;4982.0;6;B
690200;;;BANANAS;SEASHELLS;4982.0;7;B
690700;;;BANANAS;SEASHELLS;4981.0;1;S
691700;;;BANANAS;SEASHELLS;4988.0;7;B
691800;;;BANANAS;SEASHELLS;4981.0;17;S
691900;;;BANANAS;SEASHELLS;4988.0;2;B
692700;;;BANANAS;SEASHELLS;4987.0;10;S
692900;;;BANANAS;SEASHELLS;4982.0;7;S
693200;;;BANANAS;SEASHELLS;4982.0;1;S
693300;;;BANANAS;SEASHELLS;4986.0;1;S
693400;;;BANANAS;SEASHELLS;4986.0;1;B
693500;;;BANANAS;SEASHELLS;4987.0;1;B
693900;;;BANANAS;SEASHELLS;4982.0;1;S
694200;;;BANANAS;SEASHELLS;4982.0;1;S
694300;;;BANANAS;SEASHELLS;4987.0;1;S
694500;;;BANANAS;SEASHELLS;4982.0;1;S
694500;;;BANANAS;SEASHELLS;4982.0;1;S
694500;;;BANANAS;SEASHELLS;4982.0;1;S
694800;;;BANANAS;SEASHELLS;4987.0;1;B
695800;;;BANANAS;SEASHELLS;4981.0;1;S
696000;;;BANANAS;SEASHELLS;4982.0;2;S
696100;;;BANANAS;SEASHELLS;4983.0;1;S
696800;;;BANANAS;SEASHELLS;4988.0;2;B
697600;;;BANANAS;SEASHELLS;4986.0;1;S
698300;;;BANANAS;SEASHELLS;4988.0;2;B
699100;;;BANANAS;SEASHELLS;4981.0;1;S
699300;;;BANANAS;SEASHELLS;4986.0;1;S
699900;;;BANANAS;SEASHELLS;4980.0;1;S
700600;;;BANANAS;SEASHELLS;4979.0;1;S
700700;;;BANANAS;SEASHELLS;4985.0;1;S
700900;;;BANANAS;SEASHELLS;4987.0;2;B
701000;;;BANANAS;SEASHELLS;4987.0;6;B
701200;;;BANANAS;SEASHELLS;4984.0;1;S
701300;;;BANANAS;SEASHELLS;4987.0;1;B
701300;;;BANANAS;SEASHELLS;4985.0;1;S
701400;;;BANANAS;SEASHELLS;4987.0;1;B
701500;;;BANANAS;SEASHELLS;4981.0;9;S
701700;;;BANANAS;SEASHELLS;4981.0;1;S
702100;;;BANANAS;SEASHELLS;4983.0;3;B
702400;;;BANANAS;SEASHELLS;4985.0;1;M
702900;;;BANANAS;SEASHELLS;4980.0;1;S
703600;;;BANANAS;SEASHELLS;4981.0;2;S
703700;;;BANANAS;SEASHELLS;4987.0;2;B
703700;;;BANANAS;SEASHELLS;4981.0;1;S
705100;;;BANANAS;SEASHELLS;4985.0;2;B
705500;;;BANANAS;SEASHELLS;4986.0;4;B
705500;;;BANANAS;SEASHELLS;4979.0;1;S
705800;;;BANANAS;SEASHELLS;4986.0;1;B
706500;;;BANANAS;SEASHELLS;4984.0;1;B
706800;;;BANANAS;SEASHELLS;4979.0;1;S
706800;;;BANANAS;SEASHELLS;4982.0;3;S
706900;;;BANANAS;SEASHELLS;4980.0;1;S
706900;;;BANANAS;SEASHELLS;4986.0;4;B
707000;;;BANANAS;SEASHELLS;4986.0;1;B
707600;;;BANANAS;SEASHELLS;4980.0;1;M
707700;;;BANANAS;SEASHELLS;4980.0;1;S
707900;;;BANANAS;SEASHELLS;4986.0;1;B
708200;;;BANANAS;SEASHELLS;4979.0;1;S
708500;;;BANANAS;SEASHELLS;4978.0;1;S
708900;;;BANANAS;SEASHELLS;4977.0;1;S
709000;;;BANANAS;SEASHELLS;4977.0;1;S
709400;;;BANANAS;SEASHELLS;4983.0;1;B
709500;;;BANANAS;SEASHELLS;4983.0;1;B
710400;;;BANANAS;SEASHELLS;4982.0;5;S
710500;;;BANANAS;SEASHELLS;4978.0;2;S
710900;;;BANANAS;SEASHELLS;4979.0;1;S
711000;;;BANANAS;SEASHELLS;4978.0;1;S
711100;;;BANANAS;SEASHELLS;4977.0;2;S
711100;;;BANANAS;SEASHELLS;4977.0;1;S
711200;;;BANANAS;SEASHELLS;4982.0;1;B
711300;;;BANANAS;SEASHELLS;4977.0;2;S
711400;;;BANANAS;SEASHELLS;4977.0;1;M
711500;;;BANANAS;SEASHELLS;4983.0;1;B
711600;;;BANANAS;SEASHELLS;4976.0;2;S
711900;;;BANANAS;SEASHELLS;4981.0;3;S
712400;;;BANANAS;SEASHELLS;4978.0;1;S
712500;;;BANANAS;SEASHELLS;4978.0;1;B
713200;;;BANANAS;SEASHELLS;4978.0;2;S
713500;;;BANANAS;SEASHELLS;4983.0;1;B
714600;;;BANANAS;SEASHELLS;4977.0;4;B
714800;;;BANANAS;SEASHELLS;4977.0;1;B
715000;;;BANANAS;SEASHELLS;4980.0;2;S
715500;;;BANANAS;SEASHELLS;4981.0;2;S
715500;;;BANANAS;SEASHELLS;4981.0;3;S
715600;;;BANANAS;SEASHELLS;4982.0;1;S
716500;;;BANANAS;SEASHELLS;4980.0;4;B
716900;;;BANANAS;SEASHELLS;4977.0;2;S
717000;;;BANANAS;SEASHELLS;4976.0;1;S
717000;;;BANANAS;SEASHELLS;4977.0;2;S
717300;;;BANANAS;SEASHELLS;4978.0;2;S
718200;;;BANANAS;SEASHELLS;4980.0;4;S
718600;;;BANANAS;SEASHELLS;4976.0;1;S
718700;;;BANANAS;SEASHELLS;4982.0;2;B
718800;;;BANANAS;SEASHELLS;4975.0;1;S
719200;;;BANANAS;SEASHELLS;4980.0;1;S
719300;;;BANANAS;SEASHELLS;4981.0;1;S
719400;;;BANANAS;SEASHELLS;4979.0;1;B
719700;;;BANANAS;SEASHELLS;4974.0;12;S
720000;;;BANANAS;SEASHELLS;4980.0;1;S
720200;;;BANANAS;SEASHELLS;4981.0;19;B
721100;;;BANANAS;SEASHELLS;4978.0;13;B
721600;;;BANANAS;SEASHELLS;4983.0;1;B
721900;;;BANANAS;SEASHELLS;4977.0;1;S
722900;;;BANANAS;SEASHELLS;4977.0;1;S
722900;;;BANANAS;SEASHELLS;4977.0;2;S
723000;;;BANANAS;SEASHELLS;4977.0;2;S
723300;;;BANANAS;SEASHELLS;4976.0;2;S
723400;;;BANANAS;SEASHELLS;4984.0;1;B
723500;;;BANANAS;SEASHELLS;4977.0;1;S
723600;;;BANANAS;SEASHELLS;4978.0;1;B
723700;;;BANANAS;SEASHELLS;4977.0;1;S
723800;;;BANANAS;SEASHELLS;4978.0;1;S
724000;;;BANANAS;SEASHELLS;4979.0;1;S
724100;;;BANANAS;SEASHELLS;4985.0;2;B
724100;;;BANANAS;SEASHELLS;4979.0;1;S
724500;;;BANANAS;SEASHELLS;4984.0;9;S
724600;;;BANANAS;SEASHELLS;4980.0;1;S
724900;;;BANANAS;SEASHELLS;4979.0;1;S
725900;;;BANANAS;SEASHELLS;4981.0;1;B
726200;;;BANANAS;SEASHELLS;4981.0;1;B
726500;;;BANANAS;SEASHELLS;4985.0;1;B
727100;;;BANANAS;SEASHELLS;4982.0;4;B
727200;;;BANANAS;SEASHELLS;4986.0;13;B
728400;;;BANANAS;SEASHELLS;4981.0;1;S
728600;;;BANANAS;SEASHELLS;4981.0;1;S
729500;;;BANANAS;SEASHELLS;4980.0;1;S
729600;;;BANANAS;SEASHELLS;4985.0;1;B
729700;;;BANANAS;SEASHELLS;4980.0;1;S
729800;;;BANANAS;SEASHELLS;4980.0;1;S
730000;;;BANANAS;SEASHELLS;4985.0;1;S
730700;;;BANANAS;SEASHELLS;4985.0;2;B
730800;;;BANANAS;SEASHELLS;4979.0;1;S
731200;;;BANANAS;SEASHELLS;4983.0;2;B
731400;;;BANANAS;SEASHELLS;4978.0;1;S
732600;;;BANANAS;SEASHELLS;4979.0;2;S
732700;;;BANANAS;SEASHELLS;4980.0;1;B
732800;;;BANANAS;SEASHELLS;4980.0;1;S
732900;;;BANANAS;SEASHELLS;4985.0;1;B
733000;;;BANANAS;SEASHELLS;4980.0;5;S
733000;;;BANANAS;SEASHELLS;4980.0;1;S
733200;;;BANANAS;SEASHELLS;4986.0;1;B
733300;;;BANANAS;SEASHELLS;4980.0;1;S
733400;;;BANANAS;SEASHELLS;4980.0;7;S
733500;;;BANANAS;SEASHELLS;4984.0;1;S
734400;;;BANANAS;SEASHELLS;4986.0;2;B
734700;;;BANANAS;SEASHELLS;4979.0;7;S
734700;;;BANANAS;SEASHELLS;4979.0;2;S
734800;;;BANANAS;SEASHELLS;4978.0;2;S
735900;;;BANANAS;SEASHELLS;4977.0;7;S
736500;;;BANANAS;SEASHELLS;4984.0;1;B
736500;;;BANANAS;SEASHELLS;4984.0;1;B
736900;;;BANANAS;SEASHELLS;4978.0;17;S
737600;;;BANANAS;SEASHELLS;4979.0;2;S
737900;;;BANANAS;SEASHELLS;4984.0;1;S
738000;;;BANANAS;SEASHELLS;4979.0;1;S
738100;;;BANANAS;SEASHELLS;4979.0;1;S
738300;;;BANANAS;SEASHELLS;4979.0;1;S
738500;;;BANANAS;SEASHELLS;4985.0;12;B
738500;;;BANANAS;SEASHELLS;4983.0;3;S
738700;;;BANANAS;SEASHELLS;4984.0;2;B
738800;;;BANANAS;SEASHELLS;4977.0;2;S
738900;;;BANANAS;SEASHELLS;4978.0;1;S
739700;;;BANANAS;SEASHELLS;4980.0;11;S
739900;;;BANANAS;SEASHELLS;4976.0;1;M
740300;;;BANANAS;SEASHELLS;4978.0;1;B
741300;;;BANANAS;SEASHELLS;4980.0;1;B
741500;;;BANANAS;SEASHELLS;4981.0;1;B
741600;;;BANANAS;SEASHELLS;4981.0;9;S
742100;;;BANANAS;SEASHELLS;4978.0;1;B
742400;;;BANANAS;SEASHELLS;4985.0;2;B
743100;;;BANANAS;SEASHELLS;4984.0;1;S
743100;;;BANANAS;SEASHELLS;4985.0;2;B
743600;;;BANANAS;SEASHELLS;4978.0;1;S
743900;;;BANANAS;SEASHELLS;4977.0;1;S
744100;;;BANANAS;SEASHELLS;4977.0;1;B
744400;;;BANANAS;SEASHELLS;4977.0;1;S
744500;;;BANANAS;SEASHELLS;4982.0;1;B
744700;;;BANANAS;SEASHELLS;4981.0;1;S
745700;;;BANANAS;SEASHELLS;4981.0;1;S
746900;;;BANANAS;SEASHELLS;4976.0;1;B
747300;;;BANANAS;SEASHELLS;4980.0;11;S
747300;;;BANANAS;SEASHELLS;4975.0;1;S
747500;;;BANANAS;SEASHELLS;4979.0;6;S
747600;;;BANANAS;SEASHELLS;4976.0;1;S
748000;;;BANANAS;SEASHELLS;4977.0;1;B
748100;;;BANANAS;SEASHELLS;4983.0;2;B
748100;;;BANANAS;SEASHELLS;4982.0;1;S
748500;;;BANANAS;SEASHELLS;4978.0;2;S
748600;;;BANANAS;SEASHELLS;4982.0;1;S
748700;;;BANANAS;SEASHELLS;4977.0;7;S
748800;;;BANANAS;SEASHELLS;4977.0;1;S
749000;;;BANANAS;SEASHELLS;4982.0;3;B
750500;;;BANANAS;SEASHELLS;4975.0;1;S
751300;;;BANANAS;SEASHELLS;4975.0;1;S
751800;;;BANANAS;SEASHELLS;4979.0;1;S
752000;;;BANANAS;SEASHELLS;4973.0;19;S
752100;;;BANANAS;SEASHELLS;4974.0;1;M
752200;;;BANANAS;SEASHELLS;4980.0;1;B
752400;;;BANANAS;SEASHELLS;4973.0;4;B
752600;;;BANANAS;SEASHELLS;4977.0;1;S
752700;;;BANANAS;SEASHELLS;4977.0;1;B
752900;;;BANANAS;SEASHELLS;4975.0;3;B
753200;;;BANANAS;SEASHELLS;4972.0;1;M
753700;;;BANANAS;SEASHELLS;4971.0;1;S
754900;;;BANANAS;SEASHELLS;4974.0;1;B
755600;;;BANANAS;SEASHELLS;4971.0;1;S
755800;;;BANANAS;SEASHELLS;4970.0;1;S
756000;;;BANANAS;SEASHELLS;4969.0;1;S
756200;;;BANANAS;SEASHELLS;4969.0;1;S
756500;;;BANANAS;SEASHELLS;4973.0;8;S
757000;;;BANANAS;SEASHELLS;4969.0;2;S
757500;;;BANANAS;SEASHELLS;4970.0;1;S
757700;;;BANANAS;SEASHELLS;4971.0;1;S
758000;;;BANANAS;SEASHELLS;4976.0;2;B
758000;;;BANANAS;SEASHELLS;4976.0;12;B
758300;;;BANANAS;SEASHELLS;4973.0;2;B
759000;;;BANANAS;SEASHELLS;4976.0;3;B
759100;;;BANANAS;SEASHELLS;4976.0;1;B
759100;;;BANANAS;SEASHELLS;4972.0;7;B
759200;;;BANANAS;SEASHELLS;4978.0;1;B
759300;;;BANANAS;SEASHELLS;4971.0;1;M
760100;;;BANANAS;SEASHELLS;4974.0;9;S
760700;;;BANANAS;SEASHELLS;4969.0;1;S
761000;;;BANANAS;SEASHELLS;4974.0;1;S
761100;;;BANANAS;SEASHELLS;4973.0;1;S
761400;;;BANANAS;SEASHELLS;4969.0;1;S
761400;;;BANANAS;SEASHELLS;4969.0;5;S
762200;;;BANANAS;SEASHELLS;4968.0;1;S
762600;;;BANANAS;SEASHELLS;4975.0;2;B
763200;;;BANANAS;SEASHELLS;4972.0;5;B
763300;;;BANANAS;SEASHELLS;4968.0;2;S
763300;;;BANANAS;SEASHELLS;4973.0;1;B
763400;;;BANANAS;SEASHELLS;4974.0;2;B
763400;;;BANANAS;SEASHELLS;4967.0;12;S
763700;;;BANANAS;SEASHELLS;4968.0;1;S
764300;;;BANANAS;SEASHELLS;4968.0;1;S
764600;;;BANANAS;SEASHELLS;4968.0;1;S
764800;;;BANANAS;SEASHELLS;4969.0;2;B
764800;;;BANANAS;SEASHELLS;4969.0;8;B
765600;;;BANANAS;SEASHELLS;4969.0;1;S
765700;;;BANANAS;SEASHELLS;4976.0;2;B
766000;;;BANANAS;SEASHELLS;4973.0;1;B
767400;;;BANANAS;SEASHELLS;4970.0;4;B
767900;;;BANANAS;SEASHELLS;4967.0;1;S
768800;;;BANANAS;SEASHELLS;4966.0;1;M
769300;;;BANANAS;SEASHELLS;4972.0;1;B
769600;;;BANANAS;SEASHELLS;4970.0;1;S
769700;;;BANANAS;SEASHELLS;4971.0;1;B
770500;;;BANANAS;SEASHELLS;4965.0;1;S
774000;;;BANANAS;SEASHELLS;4968.0;1;S
774400;;;BANANAS;SEASHELLS;4969.0;1;S
775500;;;BANANAS;SEASHELLS;4965.0;1;M
775600;;;BANANAS;SEASHELLS;4969.0;1;S
775800;;;BANANAS;SEASHELLS;4970.0;1;S
775900;;;BANANAS;SEASHELLS;4964.0;1;M
775900;;;BANANAS;SEASHELLS;4963.0;1;S
776100;;;BANANAS;SEASHELLS;4968.0;1;B
776300;;;BANANAS;SEASHELLS;4968.0;1;B
776300;;;BANANAS;SEASHELLS;4961.0;1;S
776400;;;BANANAS;SEASHELLS;4961.0;1;S
776900;;;BANANAS;SEASHELLS;4968.0;3;B
777000;;;BANANAS;SEASHELLS;4962.0;1;M
777200;;;BANANAS;SEASHELLS;4961.0;1;S
777400;;;BANANAS;SEASHELLS;4961.0;1;B
777800;;;BANANAS;SEASHELLS;4965.0;1;S
778200;;;BANANAS;SEASHELLS;4965.0;2;B
778900;;;BANANAS;SEASHELLS;4963.0;11;S
779100;;;BANANAS;SEASHELLS;4963.0;3;S
779800;;;BANANAS;SEASHELLS;4963.0;1;S
779900;;;BANANAS;SEASHELLS;4964.0;1;B
780100;;;BANANAS;SEASHELLS;4957.0;1;S
780400;;;BANANAS;SEASHELLS;4963.0;5;B
780500;;;BANANAS;SEASHELLS;4962.0;1;S
780700;;;BANANAS;SEASHELLS;4962.0;3;S
781000;;;BANANAS;SEASHELLS;4961.0;2;S
781100;;;BANANAS;SEASHELLS;4964.0;2;B
781300;;;BANANAS;SEASHELLS;4958.0;7;B
781300;;;BANANAS;SEASHELLS;4957.0;1;S
781500;;;BANANAS;SEASHELLS;4958.0;1;B
781600;;;BANANAS;SEASHELLS;4958.0;1;S
782200;;;BANANAS;SEASHELLS;4957.0;1;S
782300;;;BANANAS;SEASHELLS;4957.0;1;B
782700;;;BANANAS;SEASHELLS;4962.0;1;B
783300;;;BANANAS;SEASHELLS;4962.0;1;B
783600;;;BANANAS;SEASHELLS;4957.0;1;S
784100;;;BANANAS;SEASHELLS;4956.0;1;S
784400;;;BANANAS;SEASHELLS;4964.0;19;B
784700;;;BANANAS;SEASHELLS;4962.0;1;S
785000;;;BANANAS;SEASHELLS;4962.0;5;B
785700;;;BANANAS;SEASHELLS;4966.0;12;B
785700;;;BANANAS;SEASHELLS;4966.0;1;B
786900;;;BANANAS;SEASHELLS;4965.0;1;S
788100;;;BANANAS;SEASHELLS;4958.0;9;S
788300;;;BANANAS;SEASHELLS;4965.0;1;B
788700;;;BANANAS;SEASHELLS;4963.0;1;B
788700;;;BANANAS;SEASHELLS;4958.0;19;S
788900;;;BANANAS;SEASHELLS;4964.0;2;B
789100;;;BANANAS;SEASHELLS;4963.0;1;B
790000;;;BANANAS;SEASHELLS;4958.0;1;S
790400;;;BANANAS;SEASHELLS;4965.0;4;B
790600;;;BANANAS;SEASHELLS;4963.0;1;B
790700;;;BANANAS;SEASHELLS;4958.0;1;S
791600;;;BANANAS;SEASHELLS;4962.0;1;S
792100;;;BANANAS;SEASHELLS;4964.0;1;B
792200;;;BANANAS;SEASHELLS;4964.0;1;S
792300;;;BANANAS;SEASHELLS;4964.0;1;S
792500;;;BANANAS;SEASHELLS;4963.0;1;B
792800;;;BANANAS;SEASHELLS;4959.0;1;B
792900;;;BANANAS;SEASHELLS;4959.0;1;M
793300;;;BANANAS;SEASHELLS;4957.0;12;S
793400;;;BANANAS;SEASHELLS;4963.0;1;S
793500;;;BANANAS;SEASHELLS;4958.0;1;S
793700;;;BANANAS;SEASHELLS;4958.0;1;S
795000;;;BANANAS;SEASHELLS;4962.0;1;B
795900;;;BANANAS;SEASHELLS;4963.0;4;B
796300;;;BANANAS;SEASHELLS;4957.0;3;S
796600;;;BANANAS;SEASHELLS;4957.0;1;S
796900;;;BANANAS;SEASHELLS;4957.0;1;S
797300;;;BANANAS;SEASHELLS;4962.0;1;S
797800;;;BANANAS;SEASHELLS;4957.0;1;S
797900;;;BANANAS;SEASHELLS;4964.0;2;B
798100;;;BANANAS;SEASHELLS;4963.0;1;B
799200;;;BANANAS;SEASHELLS;4957.0;1;B
799300;;;BANANAS;SEASHELLS;4963.0;2;B
799500;;;BANANAS;SEASHELLS;4956.0;1;S
799800;;;BANANAS;SEASHELLS;4962.0;2;B
799900;;;BANANAS;SEASHELLS;4961.0;1;S
800800;;;BANANAS;SEASHELLS;4956.0;4;B
801100;;;BANANAS;SEASHELLS;4961.0;1;B
801200;;;BANANAS;SEASHELLS;4955.0;1;S
801900;;;BANANAS;SEASHELLS;4960.0;3;B
802100;;;BANANAS;SEASHELLS;4955.0;1;B
803200;;;BANANAS;SEASHELLS;4959.0;2;B
803300;;;BANANAS;SEASHELLS;4953.0;1;S
803700;;;BANANAS;SEASHELLS;4958.0;1;S
804400;;;BANANAS;SEASHELLS;4953.0;2;B
804700;;;BANANAS;SEASHELLS;4953.0;1;B
804700;;;BANANAS;SEASHELLS;4952.0;1;S
804800;;;BANANAS;SEASHELLS;4959.0;1;B
805600;;;BANANAS;SEASHELLS;4954.0;2;S
805700;;;BANANAS;SEASHELLS;4959.0;1;S
805900;;;BANANAS;SEASHELLS;4954.0;1;S
806000;;;BANANAS;SEASHELLS;4955.0;2;B
806600;;;BANANAS;SEASHELLS;4957.0;2;S
807200;;;BANANAS;SEASHELLS;4961.0;1;S
807300;;;BANANAS;SEASHELLS;4961.0;1;S
807400;;;BANANAS;SEASHELLS;4956.0;1;S
807600;;;BANANAS;SEASHELLS;4957.0;1;S
807800;;;BANANAS;SEASHELLS;4962.0;7;S
807800;;;BANANAS;SEASHELLS;4962.0;1;S
807900;;;BANANAS;SEASHELLS;4963.0;3;B
808400;;;BANANAS;SEASHELLS;4955.0;7;S
809000;;;BANANAS;SEASHELLS;4955.0;1;S
809100;;;BANANAS;SEASHELLS;4956.0;1;B
809200;;;BANANAS;SEASHELLS;4960.0;1;S
809300;;;BANANAS;SEASHELLS;4956.0;5;S
809600;;;BANANAS;SEASHELLS;4960.0;2;S
809600;;;BANANAS;SEASHELLS;4960.0;3;S
810100;;;BANANAS;SEASHELLS;4962.0;2;B
810300;;;BANANAS;SEASHELLS;4956.0;1;B
810500;;;BANANAS;SEASHELLS;4961.0;1;S
810600;;;BANANAS;SEASHELLS;4955.0;1;S
811200;;;BANANAS;SEASHELLS;4956.0;2;S
811200;;;BANANAS;SEASHELLS;4956.0;1;S
811500;;;BANANAS;SEASHELLS;4962.0;1;B
811700;;;BANANAS;SEASHELLS;4963.0;15;B
812200;;;BANANAS;SEASHELLS;4962.0;1;S
812500;;;BANANAS;SEASHELLS;4963.0;1;B
812600;;;BANANAS;SEASHELLS;4961.0;5;S
812700;;;BANANAS;SEASHELLS;4958.0;2;S
813000;;;BANANAS;SEASHELLS;4958.0;10;S
813300;;;BANANAS;SEASHELLS;4965.0;8;B
813600;;;BANANAS;SEASHELLS;4965.0;8;B
814200;;;BANANAS;SEASHELLS;4958.0;2;S
814900;;;BANANAS;SEASHELLS;4964.0;1;B
815100;;;BANANAS;SEASHELLS;4960.0;1;B
816000;;;BANANAS;SEASHELLS;4961.0;1;B
816400;;;BANANAS;SEASHELLS;4965.0;4;B
816400;;;BANANAS;SEASHELLS;4965.0;1;B
819200;;;BANANAS;SEASHELLS;4966.0;4;B
819200;;;BANANAS;SEASHELLS;4966.0;6;B
819300;;;BANANAS;SEASHELLS;4966.0;1;M
820500;;;BANANAS;SEASHELLS;4967.0;2;B
820800;;;BANANAS;SEASHELLS;4967.0;2;B
821500;;;BANANAS;SEASHELLS;4968.0;11;B
821600;;;BANANAS;SEASHELLS;4962.0;1;S
822300;;;BANANAS;SEASHELLS;4964.0;2;B
822300;;;BANANAS;SEASHELLS;4963.0;1;S
822400;;;BANANAS;SEASHELLS;4964.0;1;S
822500;;;BANANAS;SEASHELLS;4968.0;2;B
823000;;;BANANAS;SEASHELLS;4967.0;3;S
824300;;;BANANAS;SEASHELLS;4964.0;2;S
824800;;;BANANAS;SEASHELLS;4970.0;2;B
824900;;;BANANAS;SEASHELLS;4969.0;4;B
824900;;;BANANAS;SEASHELLS;4969.0;8;B
825000;;;BANANAS;SEASHELLS;4970.0;4;B
825500;;;BANANAS;SEASHELLS;4965.0;1;B
826000;;;BANANAS;SEASHELLS;4966.0;4;B
827000;;;BANANAS;SEASHELLS;4964.0;1;S
827600;;;BANANAS;SEASHELLS;4964.0;3;S
828100;;;BANANAS;SEASHELLS;4964.0;1;S
828200;;;BANANAS;SEASHELLS;4970.0;9;B
828200;;;BANANAS;SEASHELLS;4970.0;2;B
828900;;;BANANAS;SEASHELLS;4970.0;2;B
828900;;;BANANAS;SEASHELLS;4964.0;1;M
829000;;;BANANAS;SEASHELLS;4970.0;2;B
829300;;;BANANAS;SEASHELLS;4964.0;1;S
829400;;;BANANAS;SEASHELLS;4969.0;1;B
830000;;;BANANAS;SEASHELLS;4969.0;5;B
830000;;;BANANAS;SEASHELLS;4969.0;1;B
830400;;;BANANAS;SEASHELLS;4965.0;1;M
830600;;;BANANAS;SEASHELLS;4969.0;1;B
830800;;;BANANAS;SEASHELLS;4970.0;1;B
830900;;;BANANAS;SEASHELLS;4971.0;12;B
832600;;;BANANAS;SEASHELLS;4962.0;1;S
832900;;;BANANAS;SEASHELLS;4963.0;1;B
833200;;;BANANAS;SEASHELLS;4962.0;1;S
834100;;;BANANAS;SEASHELLS;4962.0;1;M
834300;;;BANANAS;SEASHELLS;4961.0;1;S
835800;;;BANANAS;SEASHELLS;4963.0;1;S
836000;;;BANANAS;SEASHELLS;4963.0;3;B
836900;;;BANANAS;SEASHELLS;4967.0;4;S
837200;;;BANANAS;SEASHELLS;4963.0;4;B
837300;;;BANANAS;SEASHELLS;4964.0;5;B
837600;;;BANANAS;SEASHELLS;4963.0;1;M
838400;;;BANANAS;SEASHELLS;4968.0;1;B
839100;;;BANANAS;SEASHELLS;4961.0;12;S
839200;;;BANANAS;SEASHELLS;4962.0;17;S
839200;;;BANANAS;SEASHELLS;4962.0;1;S
839700;;;BANANAS;SEASHELLS;4965.0;2;B
840400;;;BANANAS;SEASHELLS;4966.0;1;S
841000;;;BANANAS;SEASHELLS;4963.0;5;B
841400;;;BANANAS;SEASHELLS;4960.0;1;S
841800;;;BANANAS;SEASHELLS;4960.0;13;S
841800;;;BANANAS;SEASHELLS;4960.0;2;S
841800;;;BANANAS;SEASHELLS;4966.0;1;B
841900;;;BANANAS;SEASHELLS;4967.0;1;B
842300;;;BANANAS;SEASHELLS;4966.0;1;S
842400;;;BANANAS;SEASHELLS;4967.0;1;B
842600;;;BANANAS;SEASHELLS;4967.0;1;B
842600;;;BANANAS;SEASHELLS;4966.0;2;B
843200;;;BANANAS;SEASHELLS;4969.0;1;B
843300;;;BANANAS;SEASHELLS;4964.0;1;S
843700;;;BANANAS;SEASHELLS;4963.0;2;S
843900;;;BANANAS;SEASHELLS;4963.0;13;B
844800;;;BANANAS;SEASHELLS;4962.0;1;B
845200;;;BANANAS;SEASHELLS;4962.0;3;B
845600;;;BANANAS;SEASHELLS;4967.0;1;S
845900;;;BANANAS;SEASHELLS;4968.0;1;B
846200;;;BANANAS;SEASHELLS;4963.0;1;S
846400;;;BANANAS;SEASHELLS;4969.0;1;S
847200;;;BANANAS;SEASHELLS;4969.0;2;B
847300;;;BANANAS;SEASHELLS;4962.0;1;S
847600;;;BANANAS;SEASHELLS;4962.0;1;S
847800;;;BANANAS;SEASHELLS;4962.0;3;S
847800;;;BANANAS;SEASHELLS;4962.0;2;S
847900;;;BANANAS;SEASHELLS;4967.0;1;S
848200;;;BANANAS;SEASHELLS;4966.0;8;S
848200;;;BANANAS;SEASHELLS;4966.0;1;S
848300;;;BANANAS;SEASHELLS;4962.0;6;S
849400;;;BANANAS;SEASHELLS;4968.0;1;S
850000;;;BANANAS;SEASHELLS;4969.0;1;B
850200;;;BANANAS;SEASHELLS;4961.0;12;S
850400;;;BANANAS;SEASHELLS;4967.0;1;B
850600;;;BANANAS;SEASHELLS;4962.0;1;S
850600;;;BANANAS;SEASHELLS;4967.0;1;B
851400;;;BANANAS;SEASHELLS;4960.0;1;S
851800;;;BANANAS;SEASHELLS;4967.0;2;B
851900;;;BANANAS;SEASHELLS;4967.0;2;B
852400;;;BANANAS;SEASHELLS;4962.0;1;M
852700;;;BANANAS;SEASHELLS;4969.0;12;B
852800;;;BANANAS;SEASHELLS;4963.0;1;B
853200;;;BANANAS;SEASHELLS;4968.0;1;S
854300;;;BANANAS;SEASHELLS;4971.0;1;B
854500;;;BANANAS;SEASHELLS;4970.0;1;B
854900;;;BANANAS;SEASHELLS;4970.0;3;B
855000;;;BANANAS;SEASHELLS;4969.0;1;S
855200;;;BANANAS;SEASHELLS;4970.0;2;B
855400;;;BANANAS;SEASHELLS;4965.0;20;S
855800;;;BANANAS;SEASHELLS;4970.0;1;S
856200;;;BANANAS;SEASHELLS;4965.0;1;S
856300;;;BANANAS;SEASHELLS;4970.0;1;S
857000;;;BANANAS;SEASHELLS;4971.0;1;B
857200;;;BANANAS;SEASHELLS;4967.0;2;S
857600;;;BANANAS;SEASHELLS;4968.0;1;B
858100;;;BANANAS;SEASHELLS;4968.0;1;S
858300;;;BANANAS;SEASHELLS;4973.0;1;M
858500;;;BANANAS;SEASHELLS;4975.0;11;B
858800;;;BANANAS;SEASHELLS;4970.0;1;S
860500;;;BANANAS;SEASHELLS;4971.0;1;S
860600;;;BANANAS;SEASHELLS;4970.0;1;S
860700;;;BANANAS;SEASHELLS;4975.0;1;S
861500;;;BANANAS;SEASHELLS;4977.0;1;B
862000;;;BANANAS;SEASHELLS;4977.0;2;B
862200;;;BANANAS;SEASHELLS;4970.0;1;S
862200;;;BANANAS;SEASHELLS;4970.0;1;S
862900;;;BANANAS;SEASHELLS;4974.0;1;S
862900;;;BANANAS;SEASHELLS;4973.0;1;S
863000;;;BANANAS;SEASHELLS;4969.0;5;S
863300;;;BANANAS;SEASHELLS;4975.0;13;B
863800;;;BANANAS;SEASHELLS;4977.0;1;B
864200;;;BANANAS;SEASHELLS;4976.0;1;S
865000;;;BANANAS;SEASHELLS;4972.0;1;S
865300;;;BANANAS;SEASHELLS;4977.0;1;S
865500;;;BANANAS;SEASHELLS;4977.0;1;B
865900;;;BANANAS;SEASHELLS;4972.0;1;S
866200;;;BANANAS;SEASHELLS;4972.0;3;B
867200;;;BANANAS;SEASHELLS;4975.0;1;B
868100;;;BANANAS;SEASHELLS;4972.0;1;S
869700;;;BANANAS;SEASHELLS;4970.0;5;M
869700;;;BANANAS;SEASHELLS;4969.0;1;S
870500;;;BANANAS;SEASHELLS;4974.0;20;B
870900;;;BANANAS;SEASHELLS;4967.0;2;S
871000;;;BANANAS;SEASHELLS;4968.0;7;B
871700;;;BANANAS;SEASHELLS;4972.0;1;B
871800;;;BANANAS;SEASHELLS;4972.0;1;B
871900;;;BANANAS;SEASHELLS;4967.0;11;S
872000;;;BANANAS;SEASHELLS;4966.0;2;S
872100;;;BANANAS;SEASHELLS;4967.0;2;S
872400;;;BANANAS;SEASHELLS;4972.0;1;M
873200;;;BANANAS;SEASHELLS;4973.0;1;S
873300;;;BANANAS;SEASHELLS;4974.0;5;B
874200;;;BANANAS;SEASHELLS;4966.0;1;B
874600;;;BANANAS;SEASHELLS;4967.0;1;B
874700;;;BANANAS;SEASHELLS;4966.0;1;S
874800;;;BANANAS;SEASHELLS;4972.0;1;S
875500;;;BANANAS;SEASHELLS;4973.0;14;B
875600;;;BANANAS;SEASHELLS;4971.0;1;S
875700;;;BANANAS;SEASHELLS;4966.0;1;S
875900;;;BANANAS;SEASHELLS;4966.0;1;B
876800;;;BANANAS;SEASHELLS;4972.0;1;S
877000;;;BANANAS;SEASHELLS;4972.0;1;S
877600;;;BANANAS;SEASHELLS;4968.0;1;B
877600;;;BANANAS;SEASHELLS;4969.0;3;B
877900;;;BANANAS;SEASHELLS;4968.0;1;B
880100;;;BANANAS;SEASHELLS;4972.0;1;S
880400;;;BANANAS;SEASHELLS;4967.0;4;B
880600;;;BANANAS;SEASHELLS;4972.0;13;B
881100;;;BANANAS;SEASHELLS;4970.0;1;S
881200;;;BANANAS;SEASHELLS;4965.0;12;S
881400;;;BANANAS;SEASHELLS;4970.0;1;S
881600;;;BANANAS;SEASHELLS;4971.0;1;S
881800;;;BANANAS;SEASHELLS;4971.0;4;S
882100;;;BANANAS;SEASHELLS;4970.0;10;S
882800;;;BANANAS;SEASHELLS;4971.0;1;S
883000;;;BANANAS;SEASHELLS;4970.0;3;S
883300;;;BANANAS;SEASHELLS;4971.0;1;B
883700;;;BANANAS;SEASHELLS;4966.0;2;S
883900;;;BANANAS;SEASHELLS;4964.0;1;S
884600;;;BANANAS;SEASHELLS;4969.0;5;S
885300;;;BANANAS;SEASHELLS;4965.0;8;S
885400;;;BANANAS;SEASHELLS;4964.0;7;S
885500;;;BANANAS;SEASHELLS;4964.0;1;S
886200;;;BANANAS;SEASHELLS;4971.0;1;B
886300;;;BANANAS;SEASHELLS;4972.0;1;B
886400;;;BANANAS;SEASHELLS;4966.0;1;B
886600;;;BANANAS;SEASHELLS;4965.0;1;S
886900;;;BANANAS;SEASHELLS;4971.0;4;S
886900;;;BANANAS;SEASHELLS;4971.0;1;S
886900;;;BANANAS;SEASHELLS;4967.0;2;S
887700;;;BANANAS;SEASHELLS;4967.0;2;S
887800;;;BANANAS;SEASHELLS;4970.0;1;S
888400;;;BANANAS;SEASHELLS;4974.0;2;B
888800;;;BANANAS;SEASHELLS;4968.0;1;S
888800;;;BANANAS;SEASHELLS;4975.0;1;B
888900;;;BANANAS;SEASHELLS;4968.0;1;S
889100;;;BANANAS;SEASHELLS;4973.0;1;S
889300;;;BANANAS;SEASHELLS;4973.0;1;S
889800;;;BANANAS;SEASHELLS;4974.0;3;S
890000;;;BANANAS;SEASHELLS;4969.0;1;S
890100;;;BANANAS;SEASHELLS;4969.0;1;S
890200;;;BANANAS;SEASHELLS;4973.0;4;S
890300;;;BANANAS;SEASHELLS;4973.0;1;S
890900;;;BANANAS;SEASHELLS;4975.0;1;S
891500;;;BANANAS;SEASHELLS;4970.0;2;S
891900;;;BANANAS;SEASHELLS;4968.0;8;S
892500;;;BANANAS;SEASHELLS;4968.0;1;S
893400;;;BANANAS;SEASHELLS;4970.0;1;S
894100;;;BANANAS;SEASHELLS;4975.0;1;M
894700;;;BANANAS;SEASHELLS;4969.0;1;S
895000;;;BANANAS;SEASHELLS;4971.0;1;B
895300;;;BANANAS;SEASHELLS;4974.0;7;B
895300;;;BANANAS;SEASHELLS;4974.0;13;B
895400;;;BANANAS;SEASHELLS;4969.0;1;S
895600;;;BANANAS;SEASHELLS;4974.0;1;S
896000;;;BANANAS;SEASHELLS;4969.0;1;S
897000;;;BANANAS;SEASHELLS;4968.0;1;S
897200;;;BANANAS;SEASHELLS;4969.0;2;B
897800;;;BANANAS;SEASHELLS;4974.0;12;S
898200;;;BANANAS;SEASHELLS;4970.0;1;S
898600;;;BANANAS;SEASHELLS;4970.0;1;S
898800;;;BANANAS;SEASHELLS;4969.0;8;S
899000;;;BANANAS;SEASHELLS;4974.0;1;B
899300;;;BANANAS;SEASHELLS;4975.0;1;S
899500;;;BANANAS;SEASHELLS;4975.0;1;S
900100;;;BANANAS;SEASHELLS;4967.0;1;S
900300;;;BANANAS;SEASHELLS;4968.0;1;S
900700;;;BANANAS;SEASHELLS;4969.0;1;S
901900;;;BANANAS;SEASHELLS;4973.0;1;S
902400;;;BANANAS;SEASHELLS;4972.0;4;S
902400;;;BANANAS;SEASHELLS;4972.0;6;S
902400;;;BANANAS;SEASHELLS;4974.0;1;B
902500;;;BANANAS;SEASHELLS;4968.0;1;S
902500;;;BANANAS;SEASHELLS;4968.0;2;S
902500;;;BANANAS;SEASHELLS;4968.0;2;S
902800;;;BANANAS;SEASHELLS;4968.0;1;S
902900;;;BANANAS;SEASHELLS;4968.0;6;S
903000;;;BANANAS;SEASHELLS;4973.0;1;B
903000;;;BANANAS;SEASHELLS;4968.0;9;S
903300;;;BANANAS;SEASHELLS;4967.0;1;S
903600;;;BANANAS;SEASHELLS;4968.0;1;S
904900;;;BANANAS;SEASHELLS;4970.0;1;B
905100;;;BANANAS;SEASHELLS;4964.0;1;S
905200;;;BANANAS;SEASHELLS;4965.0;4;S
905800;;;BANANAS;SEASHELLS;4971.0;2;B
906100;;;BANANAS;SEASHELLS;4969.0;1;S
906200;;;BANANAS;SEASHELLS;4970.0;1;S
907000;;;BANANAS;SEASHELLS;4967.0;1;B
907100;;;BANANAS;SEASHELLS;4965.0;2;S
